%YAML 1.1
%TAG !u! tag:unity3d.com,2011:
--- !u!1001 &100100000
Prefab:
  m_ObjectHideFlags: 1
  serializedVersion: 2
  m_Modification:
    m_TransformParent: {fileID: 0}
    m_Modifications: []
    m_RemovedComponents: []
  m_ParentPrefab: {fileID: 0}
  m_RootGameObject: {fileID: 1219623859419306}
  m_IsPrefabParent: 1
--- !u!1 &1219623859419306
GameObject:
  m_ObjectHideFlags: 0
  m_PrefabParentObject: {fileID: 0}
  m_PrefabInternal: {fileID: 100100000}
  serializedVersion: 5
  m_Component:
  - component: {fileID: 4139589724709170}
  - component: {fileID: 114352728050582470}
  - component: {fileID: 212639037702335546}
  - component: {fileID: 60217034886038406}
  m_Layer: 0
  m_Name: obj_18_06_maquina6
  m_TagString: Untagged
  m_Icon: {fileID: 0}
  m_NavMeshLayer: 0
  m_StaticEditorFlags: 0
  m_IsActive: 1
--- !u!4 &4139589724709170
Transform:
  m_ObjectHideFlags: 1
  m_PrefabParentObject: {fileID: 0}
  m_PrefabInternal: {fileID: 100100000}
  m_GameObject: {fileID: 1219623859419306}
  m_LocalRotation: {x: 0, y: 0, z: 0, w: 1}
  m_LocalPosition: {x: 0, y: 0, z: 0}
  m_LocalScale: {x: 1, y: 1, z: 1}
  m_Children: []
  m_Father: {fileID: 0}
  m_RootOrder: 0
  m_LocalEulerAnglesHint: {x: 0, y: 0, z: 0}
--- !u!60 &60217034886038406
PolygonCollider2D:
  m_ObjectHideFlags: 1
  m_PrefabParentObject: {fileID: 0}
  m_PrefabInternal: {fileID: 100100000}
  m_GameObject: {fileID: 1219623859419306}
  m_Enabled: 1
  m_Density: 1
  m_Material: {fileID: 0}
  m_IsTrigger: 0
  m_UsedByEffector: 0
  m_Offset: {x: 0, y: 0}
  m_Points:
    m_Paths:
    - - {x: 0.06484375, y: -0.27234375}
      - {x: 0.103750005, y: -0.2853125}
      - {x: 0.62250006, y: 0.025937501}
      - {x: 0.79109377, y: 0.20750001}
      - {x: 0.88187504, y: 0.37609378}
      - {x: 0.9467188, y: 0.6354688}
      - {x: 0.9467188, y: 1.0504688}
      - {x: 1.2190626, y: 1.1542188}
      - {x: 1.2450001, y: 1.2190626}
      - {x: 1.2450001, y: 1.3357813}
      - {x: 1.1023438, y: 1.4006251}
      - {x: 1.0375, y: 1.2968751}
      - {x: 0.80406255, y: 1.3617188}
      - {x: 0.64843756, y: 1.5692189}
      - {x: 0.5446875, y: 1.6210939}
      - {x: 0.4928125, y: 1.6210939}
      - {x: 0.42796877, y: 1.5432813}
      - {x: 0.45390627, y: 1.4525001}
      - {x: 0.6614063, y: 1.2190626}
      - {x: 0.5317188, y: 1.193125}
      - {x: 0.38906252, y: 1.0375}
      - {x: 0.18156251, y: 1.1801564}
      - {x: 0.06484375, y: 1.1282814}
      - {x: -0.16859376, y: 1.0764064}
      - {x: -0.35015628, y: 0.93375003}
      - {x: -0.44093752, y: 0.90781254}
      - {x: -0.5576563, y: 0.8689063}
      - {x: -0.5317188, y: 0.75218755}
      - {x: -0.79109377, y: 0.62250006}
      - {x: -0.80406255, y: 1.0634376}
      - {x: -0.95968753, y: 1.0375}
      - {x: -1.0245312, y: 1.0115626}
      - {x: -1.0504688, y: 0.62250006}
      - {x: -1.2450001, y: 0.33718753}
      - {x: -1.2579688, y: 0.2853125}
      - {x: -1.2579688, y: 0.23343751}
      - {x: -1.193125, y: 0.18156251}
      - {x: -1.14125, y: 0.18156251}
      - {x: -0.90781254, y: 0.29828125}
      - {x: -0.83000004, y: 0.1296875}
      - {x: -0.4928125, y: -0.15562502}
      - {x: -0.15562502, y: -0.2853125}
      - {x: -0.22046876, y: -1.1542188}
      - {x: -0.42796877, y: -1.3876563}
      - {x: -0.44093752, y: -1.5432813}
      - {x: -0.37609378, y: -1.5951563}
      - {x: 0.19453126, y: -1.5951563}
      - {x: 0.24640626, y: -1.5043751}
      - {x: 0.23343751, y: -1.4135938}
      - {x: 0.06484375, y: -1.2450001}
    - - {x: -0.37609378, y: 0.09078126}
      - {x: -0.5835938, y: 0.23343751}
      - {x: -0.5057813, y: 0.24640626}
      - {x: -0.41500002, y: 0.37609378}
      - {x: -0.259375, y: 0.37609378}
      - {x: -0.038906254, y: 0.2853125}
      - {x: 0.14265625, y: 0.32421878}
      - {x: 0.27234375, y: 0.38906252}
      - {x: 0.45390627, y: 0.64843756}
      - {x: 0.570625, y: 0.77812505}
      - {x: 0.72625005, y: 0.70031255}
      - {x: 0.67437506, y: 0.5057813}
      - {x: 0.570625, y: 0.33718753}
      - {x: 0.40203127, y: 0.15562502}
      - {x: 0.18156251, y: 0.051875003}
      - {x: 0.025937501, y: 0.103750005}
      - {x: -0.1296875, y: 0.09078126}
      - {x: -0.16859376, y: 0.025937501}
--- !u!114 &114352728050582470
MonoBehaviour:
  m_ObjectHideFlags: 1
  m_PrefabParentObject: {fileID: 0}
  m_PrefabInternal: {fileID: 100100000}
  m_GameObject: {fileID: 1219623859419306}
  m_Enabled: 1
  m_EditorHideFlags: 0
  m_Script: {fileID: 11500000, guid: 3d1bc3722abc24872a59b60d729fae8c, type: 3}
  m_Name: 
  m_EditorClassIdentifier: 
  objectUI: {fileID: 0}
  gameSprite: {fileID: 21300000, guid: 1d1f1c43522164879bde0f12761626b1, type: 3}
  hudSprite: {fileID: 21300000, guid: 89218da025a9b4ae98e7de9054c649c7, type: 3}
  shadowSprite: {fileID: 21300000, guid: 27757561aab304e4a8cc846fd5c7e696, type: 3}
--- !u!212 &212639037702335546
SpriteRenderer:
  m_ObjectHideFlags: 1
  m_PrefabParentObject: {fileID: 0}
  m_PrefabInternal: {fileID: 100100000}
  m_GameObject: {fileID: 1219623859419306}
  m_Enabled: 1
  m_CastShadows: 0
  m_ReceiveShadows: 0
  m_MotionVectors: 1
  m_LightProbeUsage: 0
  m_ReflectionProbeUsage: 0
  m_Materials:
  - {fileID: 10754, guid: 0000000000000000f000000000000000, type: 0}
  m_StaticBatchInfo:
    firstSubMesh: 0
    subMeshCount: 0
  m_StaticBatchRoot: {fileID: 0}
  m_ProbeAnchor: {fileID: 0}
  m_LightProbeVolumeOverride: {fileID: 0}
  m_ScaleInLightmap: 1
  m_PreserveUVs: 0
  m_IgnoreNormalsForChartDetection: 0
  m_ImportantGI: 0
  m_SelectedEditorRenderState: 0
  m_MinimumChartSize: 4
  m_AutoUVMaxDistance: 0.5
  m_AutoUVMaxAngle: 89
  m_LightmapParameters: {fileID: 0}
  m_SortingLayerID: 0
  m_SortingOrder: 1
  m_Sprite: {fileID: 21300000, guid: 1d1f1c43522164879bde0f12761626b1, type: 3}
  m_Color: {r: 1, g: 1, b: 1, a: 1}
  m_FlipX: 0
  m_FlipY: 0
