%YAML 1.1
%TAG !u! tag:unity3d.com,2011:
--- !u!1 &150978
GameObject:
  m_ObjectHideFlags: 0
  m_PrefabParentObject: {fileID: 0}
  m_PrefabInternal: {fileID: 100100000}
  serializedVersion: 4
  m_Component:
  - 4: {fileID: 446918}
  - 114: {fileID: 11465404}
  - 212: {fileID: 21292824}
  - 60: {fileID: 6007324}
  m_Layer: 0
  m_Name: obj_02_23_baralho
  m_TagString: Untagged
  m_Icon: {fileID: 0}
  m_NavMeshLayer: 0
  m_StaticEditorFlags: 0
  m_IsActive: 1
--- !u!4 &446918
Transform:
  m_ObjectHideFlags: 1
  m_PrefabParentObject: {fileID: 0}
  m_PrefabInternal: {fileID: 100100000}
  m_GameObject: {fileID: 150978}
  m_LocalRotation: {x: 0, y: 0, z: 0, w: 1}
  m_LocalPosition: {x: 0, y: 0, z: 0}
  m_LocalScale: {x: 1, y: 1, z: 1}
  m_LocalEulerAnglesHint: {x: 0, y: 0, z: 0}
  m_Children: []
  m_Father: {fileID: 0}
  m_RootOrder: 0
--- !u!60 &6007324
PolygonCollider2D:
  m_ObjectHideFlags: 1
  m_PrefabParentObject: {fileID: 0}
  m_PrefabInternal: {fileID: 100100000}
  m_GameObject: {fileID: 150978}
  m_Enabled: 1
  m_Density: 1
  m_Material: {fileID: 0}
  m_IsTrigger: 0
  m_UsedByEffector: 0
  m_Offset: {x: 0, y: 0}
  m_Points:
    m_Paths:
    - - {x: 1.5007421, y: -0.21855468}
      - {x: 1.5007421, y: -0.16027343}
      - {x: 1.4716015, y: -0.014570312}
      - {x: 1.2530468, y: 0.5828125}
      - {x: 1.165625, y: 0.655664}
      - {x: 0.13113281, y: 0.655664}
      - {x: -0.42253903, y: 0.5828125}
      - {x: -0.7576562, y: 0.5099609}
      - {x: -0.8742187, y: 0.43710935}
      - {x: -0.8596484, y: 0.40796873}
      - {x: -0.64109373, y: 0.07285156}
      - {x: -1.1510546, y: 0.08742187}
      - {x: -1.544453, y: -0.56824213}
      - {x: -1.544453, y: -0.71394527}
      - {x: -1.4278905, y: -0.7576562}
      - {x: 0.6702343, y: -0.7576562}
      - {x: 0.7722265, y: -0.6265234}
      - {x: 0.6702343, y: -0.2476953}
      - {x: 1.4570311, y: -0.2476953}
--- !u!114 &11465404
MonoBehaviour:
  m_ObjectHideFlags: 1
  m_PrefabParentObject: {fileID: 0}
  m_PrefabInternal: {fileID: 100100000}
  m_GameObject: {fileID: 150978}
  m_Enabled: 1
  m_EditorHideFlags: 0
  m_Script: {fileID: 11500000, guid: 3d1bc3722abc24872a59b60d729fae8c, type: 3}
  m_Name: 
  m_EditorClassIdentifier: 
  objectUI: {fileID: 0}
  gameSprite: {fileID: 21300000, guid: b7a90b4036b054280885f43cbac201d7, type: 3}
  hudSprite: {fileID: 21300000, guid: e0ec8e54af893439e9823e341d4dfff5, type: 3}
  shadowSprite: {fileID: 21300000, guid: a11ce4c17694f43949262760ccd847c0, type: 3}
--- !u!212 &21292824
SpriteRenderer:
  m_ObjectHideFlags: 1
  m_PrefabParentObject: {fileID: 0}
  m_PrefabInternal: {fileID: 100100000}
  m_GameObject: {fileID: 150978}
  m_Enabled: 1
  m_CastShadows: 0
  m_ReceiveShadows: 0
  m_Materials:
  - {fileID: 10754, guid: 0000000000000000e000000000000000, type: 0}
  m_SubsetIndices: 
  m_StaticBatchRoot: {fileID: 0}
  m_UseLightProbes: 0
  m_ReflectionProbeUsage: 0
  m_ProbeAnchor: {fileID: 0}
  m_ScaleInLightmap: 1
  m_PreserveUVs: 0
  m_IgnoreNormalsForChartDetection: 0
  m_ImportantGI: 0
  m_MinimumChartSize: 4
  m_AutoUVMaxDistance: 0.5
  m_AutoUVMaxAngle: 89
  m_LightmapParameters: {fileID: 0}
  m_SortingLayerID: 0
  m_SortingOrder: 1
  m_Sprite: {fileID: 21300000, guid: b7a90b4036b054280885f43cbac201d7, type: 3}
  m_Color: {r: 1, g: 1, b: 1, a: 1}
  m_FlipX: 0
  m_FlipY: 0
--- !u!1001 &100100000
Prefab:
  m_ObjectHideFlags: 1
  serializedVersion: 2
  m_Modification:
    m_TransformParent: {fileID: 0}
    m_Modifications: []
    m_RemovedComponents: []
  m_ParentPrefab: {fileID: 0}
  m_RootGameObject: {fileID: 150978}
  m_IsPrefabParent: 1
