%YAML 1.1
%TAG !u! tag:unity3d.com,2011:
--- !u!1 &104248
GameObject:
  m_ObjectHideFlags: 0
  m_PrefabParentObject: {fileID: 0}
  m_PrefabInternal: {fileID: 100100000}
  serializedVersion: 4
  m_Component:
  - 4: {fileID: 428660}
  - 114: {fileID: 11409664}
  - 212: {fileID: 21271100}
  - 60: {fileID: 6052576}
  m_Layer: 0
  m_Name: obj_09_35_marreta
  m_TagString: Untagged
  m_Icon: {fileID: 0}
  m_NavMeshLayer: 0
  m_StaticEditorFlags: 0
  m_IsActive: 1
--- !u!4 &428660
Transform:
  m_ObjectHideFlags: 1
  m_PrefabParentObject: {fileID: 0}
  m_PrefabInternal: {fileID: 100100000}
  m_GameObject: {fileID: 104248}
  m_LocalRotation: {x: 0, y: 0, z: 0, w: 1}
  m_LocalPosition: {x: 0, y: 0, z: 0}
  m_LocalScale: {x: 1, y: 1, z: 1}
  m_LocalEulerAnglesHint: {x: 0, y: 0, z: 0}
  m_Children: []
  m_Father: {fileID: 0}
  m_RootOrder: 0
--- !u!60 &6052576
PolygonCollider2D:
  m_ObjectHideFlags: 1
  m_PrefabParentObject: {fileID: 0}
  m_PrefabInternal: {fileID: 100100000}
  m_GameObject: {fileID: 104248}
  m_Enabled: 1
  m_Density: 1
  m_Material: {fileID: 0}
  m_IsTrigger: 0
  m_UsedByEffector: 0
  m_Offset: {x: 0, y: 0}
  m_Points:
    m_Paths:
    - - {x: 1.6280469, y: -0.7335156}
      - {x: 1.3417969, y: -0.5903906}
      - {x: 0.69773436, y: -0.32203126}
      - {x: 0.053671874, y: -0.03578125}
      - {x: -0.6261719, y: 0.26835936}
      - {x: -0.8766406, y: 0.37570313}
      - {x: -0.6619531, y: 0.5367187}
      - {x: -0.6798437, y: 0.60828125}
      - {x: -0.69773436, y: 0.85875}
      - {x: -0.8229687, y: 0.9660937}
      - {x: -1.0376562, y: 1.0913281}
      - {x: -1.1271094, y: 1.0913281}
      - {x: -1.6101562, y: 0.84085935}
      - {x: -2.0395312, y: 0.5188281}
      - {x: -2.29, y: 0.28625}
      - {x: -2.29, y: 0.10734375}
      - {x: -2.2363281, y: -0.10734375}
      - {x: -2.1826563, y: -0.16101563}
      - {x: -1.9321874, y: -0.25046873}
      - {x: -1.7175, y: -0.32203126}
      - {x: -1.6101562, y: -0.32203126}
      - {x: -1.43125, y: -0.12523437}
      - {x: -1.1986718, y: 0.12523437}
      - {x: -0.9482031, y: 0}
      - {x: 0.6261719, y: -0.6798437}
      - {x: 1.3239062, y: -0.98398435}
      - {x: 1.4670312, y: -1.0376562}
      - {x: 1.6101562, y: -1.0376562}
      - {x: 1.6817187, y: -0.9124219}
      - {x: 1.6817187, y: -0.8050781}
--- !u!114 &11409664
MonoBehaviour:
  m_ObjectHideFlags: 1
  m_PrefabParentObject: {fileID: 0}
  m_PrefabInternal: {fileID: 100100000}
  m_GameObject: {fileID: 104248}
  m_Enabled: 1
  m_EditorHideFlags: 0
  m_Script: {fileID: 11500000, guid: 3d1bc3722abc24872a59b60d729fae8c, type: 3}
  m_Name: 
  m_EditorClassIdentifier: 
  objectUI: {fileID: 0}
  gameSprite: {fileID: 21300000, guid: f9cd678ae9e1d4d5182a8a5b2853792f, type: 3}
  hudSprite: {fileID: 21300000, guid: 34f57dd30db2341579da98418a920c8e, type: 3}
  shadowSprite: {fileID: 21300000, guid: 6ba45f743701844fab045af179241780, type: 3}
--- !u!212 &21271100
SpriteRenderer:
  m_ObjectHideFlags: 1
  m_PrefabParentObject: {fileID: 0}
  m_PrefabInternal: {fileID: 100100000}
  m_GameObject: {fileID: 104248}
  m_Enabled: 1
  m_CastShadows: 0
  m_ReceiveShadows: 0
  m_Materials:
  - {fileID: 10754, guid: 0000000000000000e000000000000000, type: 0}
  m_SubsetIndices: 
  m_StaticBatchRoot: {fileID: 0}
  m_UseLightProbes: 0
  m_ReflectionProbeUsage: 0
  m_ProbeAnchor: {fileID: 0}
  m_ScaleInLightmap: 1
  m_PreserveUVs: 0
  m_IgnoreNormalsForChartDetection: 0
  m_ImportantGI: 0
  m_MinimumChartSize: 4
  m_AutoUVMaxDistance: 0.5
  m_AutoUVMaxAngle: 89
  m_LightmapParameters: {fileID: 0}
  m_SortingLayerID: 0
  m_SortingOrder: 1
  m_Sprite: {fileID: 21300000, guid: f9cd678ae9e1d4d5182a8a5b2853792f, type: 3}
  m_Color: {r: 1, g: 1, b: 1, a: 1}
  m_FlipX: 0
  m_FlipY: 0
--- !u!1001 &100100000
Prefab:
  m_ObjectHideFlags: 1
  serializedVersion: 2
  m_Modification:
    m_TransformParent: {fileID: 0}
    m_Modifications: []
    m_RemovedComponents: []
  m_ParentPrefab: {fileID: 0}
  m_RootGameObject: {fileID: 104248}
  m_IsPrefabParent: 1
