%YAML 1.1
%TAG !u! tag:unity3d.com,2011:
--- !u!1 &189658
GameObject:
  m_ObjectHideFlags: 0
  m_PrefabParentObject: {fileID: 0}
  m_PrefabInternal: {fileID: 100100000}
  serializedVersion: 4
  m_Component:
  - 4: {fileID: 488210}
  - 114: {fileID: 11469672}
  - 212: {fileID: 21298656}
  - 60: {fileID: 6014256}
  m_Layer: 0
  m_Name: obj_03_25_flamula
  m_TagString: Untagged
  m_Icon: {fileID: 0}
  m_NavMeshLayer: 0
  m_StaticEditorFlags: 0
  m_IsActive: 1
--- !u!4 &488210
Transform:
  m_ObjectHideFlags: 1
  m_PrefabParentObject: {fileID: 0}
  m_PrefabInternal: {fileID: 100100000}
  m_GameObject: {fileID: 189658}
  m_LocalRotation: {x: 0, y: 0, z: 0, w: 1}
  m_LocalPosition: {x: 0, y: 0, z: 0}
  m_LocalScale: {x: 1, y: 1, z: 1}
  m_LocalEulerAnglesHint: {x: 0, y: 0, z: 0}
  m_Children: []
  m_Father: {fileID: 0}
  m_RootOrder: 0
--- !u!60 &6014256
PolygonCollider2D:
  m_ObjectHideFlags: 1
  m_PrefabParentObject: {fileID: 0}
  m_PrefabInternal: {fileID: 100100000}
  m_GameObject: {fileID: 189658}
  m_Enabled: 1
  m_Density: 1
  m_Material: {fileID: 0}
  m_IsTrigger: 0
  m_UsedByEffector: 0
  m_Offset: {x: 0, y: 0}
  m_Points:
    m_Paths:
    - - {x: 0.9719531, y: 0.46921873}
      - {x: 1.1730468, y: 0.9719531}
      - {x: 1.1730468, y: 1.0557421}
      - {x: 1.0892578, y: 1.1227734}
      - {x: 0.50273436, y: 1.1227734}
      - {x: 0.48597655, y: 1.2065625}
      - {x: 0.45246094, y: 1.3238672}
      - {x: 0.35191405, y: 1.5752344}
      - {x: 0.18433593, y: 1.8936328}
      - {x: 0.016757812, y: 2.0612109}
      - {x: -0.11730468, y: 2.0612109}
      - {x: -0.18433593, y: 2.0444531}
      - {x: -0.2848828, y: 1.960664}
      - {x: -0.2848828, y: 1.9271485}
      - {x: -0.23460937, y: 1.9103906}
      - {x: -0.050273437, y: 1.9271485}
      - {x: 0.11730468, y: 1.7260547}
      - {x: 0.23460937, y: 1.4914453}
      - {x: 0.35191405, y: 1.1395313}
      - {x: 0.36867186, y: 1.1227734}
      - {x: -0.46921873, y: 1.1562891}
      - {x: -0.30164063, y: 1.7092968}
      - {x: -0.31839845, y: 1.7763281}
      - {x: -0.48597655, y: 1.7092968}
      - {x: -0.5697656, y: 1.3573828}
      - {x: -0.62003905, y: 1.1227734}
      - {x: -1.1395313, y: 1.1227734}
      - {x: -1.2065625, y: 1.0557421}
      - {x: -1.2233202, y: 1.0054687}
      - {x: -1.2233202, y: 0.9719531}
      - {x: -1.0892578, y: 0.7876172}
      - {x: -0.50273436, y: -0.804375}
      - {x: -0.18433593, y: -1.6757812}
      - {x: -0.083789065, y: -1.9439062}
      - {x: -0.016757812, y: -2.0109375}
      - {x: 0.033515625, y: -1.9941797}
      - {x: 0.15082031, y: -1.7428125}
      - {x: 0.35191405, y: -1.1562891}
      - {x: 0.77085936, y: -0.050273437}
--- !u!114 &11469672
MonoBehaviour:
  m_ObjectHideFlags: 1
  m_PrefabParentObject: {fileID: 0}
  m_PrefabInternal: {fileID: 100100000}
  m_GameObject: {fileID: 189658}
  m_Enabled: 1
  m_EditorHideFlags: 0
  m_Script: {fileID: 11500000, guid: 3d1bc3722abc24872a59b60d729fae8c, type: 3}
  m_Name: 
  m_EditorClassIdentifier: 
  objectUI: {fileID: 0}
  gameSprite: {fileID: 21300000, guid: 1e68de60f1c2a4869b73c18d740801a2, type: 3}
  hudSprite: {fileID: 21300000, guid: d7f8ffad6324648a389058cfc7b0dbc9, type: 3}
  shadowSprite: {fileID: 21300000, guid: f4b8ec54889ca4b8788de224a460e74e, type: 3}
--- !u!212 &21298656
SpriteRenderer:
  m_ObjectHideFlags: 1
  m_PrefabParentObject: {fileID: 0}
  m_PrefabInternal: {fileID: 100100000}
  m_GameObject: {fileID: 189658}
  m_Enabled: 1
  m_CastShadows: 0
  m_ReceiveShadows: 0
  m_Materials:
  - {fileID: 10754, guid: 0000000000000000e000000000000000, type: 0}
  m_SubsetIndices: 
  m_StaticBatchRoot: {fileID: 0}
  m_UseLightProbes: 0
  m_ReflectionProbeUsage: 0
  m_ProbeAnchor: {fileID: 0}
  m_ScaleInLightmap: 1
  m_PreserveUVs: 0
  m_IgnoreNormalsForChartDetection: 0
  m_ImportantGI: 0
  m_MinimumChartSize: 4
  m_AutoUVMaxDistance: 0.5
  m_AutoUVMaxAngle: 89
  m_LightmapParameters: {fileID: 0}
  m_SortingLayerID: 0
  m_SortingOrder: 1
  m_Sprite: {fileID: 21300000, guid: 1e68de60f1c2a4869b73c18d740801a2, type: 3}
  m_Color: {r: 1, g: 1, b: 1, a: 1}
  m_FlipX: 0
  m_FlipY: 0
--- !u!1001 &100100000
Prefab:
  m_ObjectHideFlags: 1
  serializedVersion: 2
  m_Modification:
    m_TransformParent: {fileID: 0}
    m_Modifications: []
    m_RemovedComponents: []
  m_ParentPrefab: {fileID: 0}
  m_RootGameObject: {fileID: 189658}
  m_IsPrefabParent: 1
