%YAML 1.1
%TAG !u! tag:unity3d.com,2011:
--- !u!1 &129550
GameObject:
  m_ObjectHideFlags: 0
  m_PrefabParentObject: {fileID: 0}
  m_PrefabInternal: {fileID: 100100000}
  serializedVersion: 4
  m_Component:
  - 4: {fileID: 485186}
  - 114: {fileID: 11462124}
  - 212: {fileID: 21215320}
  - 60: {fileID: 6072602}
  m_Layer: 0
  m_Name: obj_03_36_ratoeira
  m_TagString: Untagged
  m_Icon: {fileID: 0}
  m_NavMeshLayer: 0
  m_StaticEditorFlags: 0
  m_IsActive: 1
--- !u!4 &485186
Transform:
  m_ObjectHideFlags: 1
  m_PrefabParentObject: {fileID: 0}
  m_PrefabInternal: {fileID: 100100000}
  m_GameObject: {fileID: 129550}
  m_LocalRotation: {x: 0, y: 0, z: 0, w: 1}
  m_LocalPosition: {x: 0, y: 0, z: 0}
  m_LocalScale: {x: 1, y: 1, z: 1}
  m_LocalEulerAnglesHint: {x: 0, y: 0, z: 0}
  m_Children: []
  m_Father: {fileID: 0}
  m_RootOrder: 0
--- !u!60 &6072602
PolygonCollider2D:
  m_ObjectHideFlags: 1
  m_PrefabParentObject: {fileID: 0}
  m_PrefabInternal: {fileID: 100100000}
  m_GameObject: {fileID: 129550}
  m_Enabled: 1
  m_Density: 1
  m_Material: {fileID: 0}
  m_IsTrigger: 0
  m_UsedByEffector: 0
  m_Offset: {x: 0, y: 0}
  m_Points:
    m_Paths:
    - - {x: 1.0440234, y: -0.19464843}
      - {x: 1.1148046, y: -0.1592578}
      - {x: 1.1324999, y: -0.035390623}
      - {x: 1.1324999, y: 0.053085934}
      - {x: 1.0263281, y: 0.10617187}
      - {x: 1.079414, y: 0.21234374}
      - {x: 0.83167964, y: 0.42468747}
      - {x: 0.6193359, y: 0.4777734}
      - {x: 0.4777734, y: 0.54855466}
      - {x: 0.14156249, y: 0.54855466}
      - {x: -0.1769531, y: 0.49546874}
      - {x: -0.38929686, y: 0.40699217}
      - {x: -0.44238278, y: 0.28312498}
      - {x: -0.84937495, y: 0.26542968}
      - {x: -0.9201562, y: 0.21234374}
      - {x: -1.1501952, y: 0.19464843}
      - {x: -1.2209765, y: 0.017695311}
      - {x: -1.2209765, y: -0.08847655}
      - {x: -1.0086328, y: -0.24773437}
      - {x: -0.53085935, y: -0.56624997}
      - {x: -0.3539062, y: -0.56624997}
      - {x: 0.123867184, y: -0.42468747}
      - {x: 0.49546874, y: -0.3362109}
      - {x: 0.83167964, y: -0.24773437}
    - - {x: 0.7078124, y: 0.3008203}
      - {x: 0.7078124, y: 0.28312498}
      - {x: 0.7432031, y: 0.28312498}
    - - {x: 0.053085934, y: 0.3362109}
      - {x: 0.3008203, y: 0.42468747}
      - {x: 0.21234374, y: 0.4600781}
      - {x: -0.19464843, y: 0.3539062}
      - {x: -0.1592578, y: 0.3185156}
    - - {x: 0.38929686, y: 0.42468747}
      - {x: 0.53085935, y: 0.3362109}
      - {x: 0.56624997, y: 0.37160155}
      - {x: 0.4777734, y: 0.40699217}
--- !u!114 &11462124
MonoBehaviour:
  m_ObjectHideFlags: 1
  m_PrefabParentObject: {fileID: 0}
  m_PrefabInternal: {fileID: 100100000}
  m_GameObject: {fileID: 129550}
  m_Enabled: 1
  m_EditorHideFlags: 0
  m_Script: {fileID: 11500000, guid: 3d1bc3722abc24872a59b60d729fae8c, type: 3}
  m_Name: 
  m_EditorClassIdentifier: 
  objectUI: {fileID: 0}
  gameSprite: {fileID: 21300000, guid: aabdc8a4c3c7e4a838ba363787d3af4a, type: 3}
  hudSprite: {fileID: 21300000, guid: 06e145efd7337402f86e99fdfb727c2f, type: 3}
  shadowSprite: {fileID: 21300000, guid: 7de5325f9ac5a4337b5961ef00be0d35, type: 3}
--- !u!212 &21215320
SpriteRenderer:
  m_ObjectHideFlags: 1
  m_PrefabParentObject: {fileID: 0}
  m_PrefabInternal: {fileID: 100100000}
  m_GameObject: {fileID: 129550}
  m_Enabled: 1
  m_CastShadows: 0
  m_ReceiveShadows: 0
  m_Materials:
  - {fileID: 10754, guid: 0000000000000000e000000000000000, type: 0}
  m_SubsetIndices: 
  m_StaticBatchRoot: {fileID: 0}
  m_UseLightProbes: 0
  m_ReflectionProbeUsage: 0
  m_ProbeAnchor: {fileID: 0}
  m_ScaleInLightmap: 1
  m_PreserveUVs: 0
  m_IgnoreNormalsForChartDetection: 0
  m_ImportantGI: 0
  m_MinimumChartSize: 4
  m_AutoUVMaxDistance: 0.5
  m_AutoUVMaxAngle: 89
  m_LightmapParameters: {fileID: 0}
  m_SortingLayerID: 0
  m_SortingOrder: 1
  m_Sprite: {fileID: 21300000, guid: aabdc8a4c3c7e4a838ba363787d3af4a, type: 3}
  m_Color: {r: 1, g: 1, b: 1, a: 1}
  m_FlipX: 0
  m_FlipY: 0
--- !u!1001 &100100000
Prefab:
  m_ObjectHideFlags: 1
  serializedVersion: 2
  m_Modification:
    m_TransformParent: {fileID: 0}
    m_Modifications: []
    m_RemovedComponents: []
  m_ParentPrefab: {fileID: 0}
  m_RootGameObject: {fileID: 129550}
  m_IsPrefabParent: 1
