%YAML 1.1
%TAG !u! tag:unity3d.com,2011:
--- !u!1001 &100100000
Prefab:
  m_ObjectHideFlags: 1
  serializedVersion: 2
  m_Modification:
    m_TransformParent: {fileID: 0}
    m_Modifications: []
    m_RemovedComponents: []
  m_ParentPrefab: {fileID: 0}
  m_RootGameObject: {fileID: 1572254270730668}
  m_IsPrefabParent: 1
--- !u!1 &1572254270730668
GameObject:
  m_ObjectHideFlags: 0
  m_PrefabParentObject: {fileID: 0}
  m_PrefabInternal: {fileID: 100100000}
  serializedVersion: 5
  m_Component:
  - component: {fileID: 4366344365210924}
  - component: {fileID: 114911917412256770}
  - component: {fileID: 212983173243509418}
  - component: {fileID: 60179526942695384}
  m_Layer: 0
  m_Name: obj_20_29_caixote
  m_TagString: Untagged
  m_Icon: {fileID: 0}
  m_NavMeshLayer: 0
  m_StaticEditorFlags: 0
  m_IsActive: 1
--- !u!4 &4366344365210924
Transform:
  m_ObjectHideFlags: 1
  m_PrefabParentObject: {fileID: 0}
  m_PrefabInternal: {fileID: 100100000}
  m_GameObject: {fileID: 1572254270730668}
  m_LocalRotation: {x: 0, y: 0, z: 0, w: 1}
  m_LocalPosition: {x: 0, y: 0, z: 0}
  m_LocalScale: {x: 1, y: 1, z: 1}
  m_Children: []
  m_Father: {fileID: 0}
  m_RootOrder: 0
  m_LocalEulerAnglesHint: {x: 0, y: 0, z: 0}
--- !u!60 &60179526942695384
PolygonCollider2D:
  m_ObjectHideFlags: 1
  m_PrefabParentObject: {fileID: 0}
  m_PrefabInternal: {fileID: 100100000}
  m_GameObject: {fileID: 1572254270730668}
  m_Enabled: 1
  m_Density: 1
  m_Material: {fileID: 0}
  m_IsTrigger: 0
  m_UsedByEffector: 0
  m_Offset: {x: 0, y: 0}
  m_Points:
    m_Paths:
    - - {x: 1.8, y: -0.59999996}
      - {x: 1.8399999, y: -0.56}
      - {x: 1.8399999, y: -0.26}
      - {x: 1.78, y: 0.06}
      - {x: 1.76, y: 0.24}
      - {x: 1.6999999, y: 0.71999997}
      - {x: 1.68, y: 1.04}
      - {x: 1.56, y: 1.1999999}
      - {x: 0.22, y: 1.3199999}
      - {x: 0.04, y: 1.3399999}
      - {x: -0.12, y: 1.36}
      - {x: -0.19999999, y: 1.36}
      - {x: -0.62, y: 1.16}
      - {x: -1.22, y: 0.94}
      - {x: -1.56, y: 0.78}
      - {x: -1.78, y: 0.7}
      - {x: -1.8399999, y: 0.68}
      - {x: -1.8399999, y: 0.52}
      - {x: -1.78, y: 0.28}
      - {x: -1.74, y: 0}
      - {x: -1.68, y: -0.45999998}
      - {x: -1.66, y: -0.59999996}
      - {x: -1.62, y: -1.04}
      - {x: -1.5, y: -1.12}
      - {x: -0.56, y: -1.26}
      - {x: 0.17999999, y: -1.4}
      - {x: 0.29999998, y: -1.4}
      - {x: 0.56, y: -1.28}
      - {x: 1.24, y: -0.88}
      - {x: 1.28, y: -0.84}
--- !u!114 &114911917412256770
MonoBehaviour:
  m_ObjectHideFlags: 1
  m_PrefabParentObject: {fileID: 0}
  m_PrefabInternal: {fileID: 100100000}
  m_GameObject: {fileID: 1572254270730668}
  m_Enabled: 1
  m_EditorHideFlags: 0
  m_Script: {fileID: 11500000, guid: 3d1bc3722abc24872a59b60d729fae8c, type: 3}
  m_Name: 
  m_EditorClassIdentifier: 
  objectUI: {fileID: 0}
  gameSprite: {fileID: 21300000, guid: dafb0a532bfaf4060a0e41392842880a, type: 3}
  hudSprite: {fileID: 21300000, guid: ceee1255b4513484cbef83953cac2591, type: 3}
  shadowSprite: {fileID: 21300000, guid: 1a50a21d925b7437cb5b1ae96d7dbe3b, type: 3}
--- !u!212 &212983173243509418
SpriteRenderer:
  m_ObjectHideFlags: 1
  m_PrefabParentObject: {fileID: 0}
  m_PrefabInternal: {fileID: 100100000}
  m_GameObject: {fileID: 1572254270730668}
  m_Enabled: 1
  m_CastShadows: 0
  m_ReceiveShadows: 0
  m_MotionVectors: 1
  m_LightProbeUsage: 0
  m_ReflectionProbeUsage: 0
  m_Materials:
  - {fileID: 10754, guid: 0000000000000000f000000000000000, type: 0}
  m_StaticBatchInfo:
    firstSubMesh: 0
    subMeshCount: 0
  m_StaticBatchRoot: {fileID: 0}
  m_ProbeAnchor: {fileID: 0}
  m_LightProbeVolumeOverride: {fileID: 0}
  m_ScaleInLightmap: 1
  m_PreserveUVs: 0
  m_IgnoreNormalsForChartDetection: 0
  m_ImportantGI: 0
  m_SelectedEditorRenderState: 0
  m_MinimumChartSize: 4
  m_AutoUVMaxDistance: 0.5
  m_AutoUVMaxAngle: 89
  m_LightmapParameters: {fileID: 0}
  m_SortingLayerID: 0
  m_SortingOrder: 1
  m_Sprite: {fileID: 21300000, guid: dafb0a532bfaf4060a0e41392842880a, type: 3}
  m_Color: {r: 1, g: 1, b: 1, a: 1}
  m_FlipX: 0
  m_FlipY: 0
