%YAML 1.1
%TAG !u! tag:unity3d.com,2011:
--- !u!1001 &100100000
Prefab:
  m_ObjectHideFlags: 1
  serializedVersion: 2
  m_Modification:
    m_TransformParent: {fileID: 0}
    m_Modifications: []
    m_RemovedComponents: []
  m_ParentPrefab: {fileID: 0}
  m_RootGameObject: {fileID: 1301901813924090}
  m_IsPrefabParent: 1
--- !u!1 &1301901813924090
GameObject:
  m_ObjectHideFlags: 0
  m_PrefabParentObject: {fileID: 0}
  m_PrefabInternal: {fileID: 100100000}
  serializedVersion: 5
  m_Component:
  - component: {fileID: 4209744354284026}
  - component: {fileID: 114916509540957540}
  - component: {fileID: 212842486888595686}
  - component: {fileID: 60313843933170866}
  m_Layer: 0
  m_Name: obj_20_13_cesta
  m_TagString: Untagged
  m_Icon: {fileID: 0}
  m_NavMeshLayer: 0
  m_StaticEditorFlags: 0
  m_IsActive: 1
--- !u!4 &4209744354284026
Transform:
  m_ObjectHideFlags: 1
  m_PrefabParentObject: {fileID: 0}
  m_PrefabInternal: {fileID: 100100000}
  m_GameObject: {fileID: 1301901813924090}
  m_LocalRotation: {x: 0, y: 0, z: 0, w: 1}
  m_LocalPosition: {x: 0, y: 0, z: 0}
  m_LocalScale: {x: 1, y: 1, z: 1}
  m_Children: []
  m_Father: {fileID: 0}
  m_RootOrder: 0
  m_LocalEulerAnglesHint: {x: 0, y: 0, z: 0}
--- !u!60 &60313843933170866
PolygonCollider2D:
  m_ObjectHideFlags: 1
  m_PrefabParentObject: {fileID: 0}
  m_PrefabInternal: {fileID: 100100000}
  m_GameObject: {fileID: 1301901813924090}
  m_Enabled: 1
  m_Density: 1
  m_Material: {fileID: 0}
  m_IsTrigger: 0
  m_UsedByEffector: 0
  m_Offset: {x: 0, y: 0}
  m_Points:
    m_Paths:
    - - {x: 1.7199999, y: -0.68}
      - {x: 1.76, y: -0.48}
      - {x: 1.9599999, y: -0.12}
      - {x: 1.9799999, y: -0.04}
      - {x: 1.9799999, y: 0.17999999}
      - {x: 1.9, y: 0.29999998}
      - {x: 1.8, y: 0.42}
      - {x: 1.52, y: 0.59999996}
      - {x: 1.42, y: 0.85999995}
      - {x: 1.04, y: 0.91999996}
      - {x: 0.9, y: 1.02}
      - {x: 0.7, y: 1.02}
      - {x: 0.52, y: 0.97999996}
      - {x: 0.26, y: 0.88}
      - {x: -0.24, y: 1.02}
      - {x: -0.29999998, y: 1.02}
      - {x: -0.44, y: 0.82}
      - {x: -0.85999995, y: 0.91999996}
      - {x: -1.16, y: 0.88}
      - {x: -1.5, y: 0.74}
      - {x: -1.86, y: 0.16}
      - {x: -1.88, y: 0.099999994}
      - {x: -1.88, y: -0.08}
      - {x: -1.8, y: -0.29999998}
      - {x: -1.6999999, y: -0.76}
      - {x: -1.42, y: -0.94}
      - {x: -1.02, y: -0.96}
      - {x: -0.64, y: -0.96}
      - {x: 1.3, y: -0.94}
      - {x: 1.5999999, y: -0.82}
--- !u!114 &114916509540957540
MonoBehaviour:
  m_ObjectHideFlags: 1
  m_PrefabParentObject: {fileID: 0}
  m_PrefabInternal: {fileID: 100100000}
  m_GameObject: {fileID: 1301901813924090}
  m_Enabled: 1
  m_EditorHideFlags: 0
  m_Script: {fileID: 11500000, guid: 3d1bc3722abc24872a59b60d729fae8c, type: 3}
  m_Name: 
  m_EditorClassIdentifier: 
  objectUI: {fileID: 0}
  gameSprite: {fileID: 21300000, guid: 530a29c8d5bb648d48aa40831fa6ba5f, type: 3}
  hudSprite: {fileID: 21300000, guid: 7f39c0f432b234f1285401af4a77e30a, type: 3}
  shadowSprite: {fileID: 21300000, guid: 2d7fdf1a9d6174d9a9b873d3fc4d8ab4, type: 3}
--- !u!212 &212842486888595686
SpriteRenderer:
  m_ObjectHideFlags: 1
  m_PrefabParentObject: {fileID: 0}
  m_PrefabInternal: {fileID: 100100000}
  m_GameObject: {fileID: 1301901813924090}
  m_Enabled: 1
  m_CastShadows: 0
  m_ReceiveShadows: 0
  m_MotionVectors: 1
  m_LightProbeUsage: 0
  m_ReflectionProbeUsage: 0
  m_Materials:
  - {fileID: 10754, guid: 0000000000000000f000000000000000, type: 0}
  m_StaticBatchInfo:
    firstSubMesh: 0
    subMeshCount: 0
  m_StaticBatchRoot: {fileID: 0}
  m_ProbeAnchor: {fileID: 0}
  m_LightProbeVolumeOverride: {fileID: 0}
  m_ScaleInLightmap: 1
  m_PreserveUVs: 0
  m_IgnoreNormalsForChartDetection: 0
  m_ImportantGI: 0
  m_SelectedEditorRenderState: 0
  m_MinimumChartSize: 4
  m_AutoUVMaxDistance: 0.5
  m_AutoUVMaxAngle: 89
  m_LightmapParameters: {fileID: 0}
  m_SortingLayerID: 0
  m_SortingOrder: 1
  m_Sprite: {fileID: 21300000, guid: 530a29c8d5bb648d48aa40831fa6ba5f, type: 3}
  m_Color: {r: 1, g: 1, b: 1, a: 1}
  m_FlipX: 0
  m_FlipY: 0
