%YAML 1.1
%TAG !u! tag:unity3d.com,2011:
--- !u!1 &186590
GameObject:
  m_ObjectHideFlags: 0
  m_PrefabParentObject: {fileID: 0}
  m_PrefabInternal: {fileID: 100100000}
  serializedVersion: 4
  m_Component:
  - 4: {fileID: 408202}
  - 114: {fileID: 11425766}
  - 212: {fileID: 21235328}
  - 60: {fileID: 6074776}
  m_Layer: 0
  m_Name: obj_07_41_mangler
  m_TagString: Untagged
  m_Icon: {fileID: 0}
  m_NavMeshLayer: 0
  m_StaticEditorFlags: 0
  m_IsActive: 1
--- !u!4 &408202
Transform:
  m_ObjectHideFlags: 1
  m_PrefabParentObject: {fileID: 0}
  m_PrefabInternal: {fileID: 100100000}
  m_GameObject: {fileID: 186590}
  m_LocalRotation: {x: 0, y: 0, z: 0, w: 1}
  m_LocalPosition: {x: 0, y: 0, z: 0}
  m_LocalScale: {x: 1, y: 1, z: 1}
  m_LocalEulerAnglesHint: {x: 0, y: 0, z: 0}
  m_Children: []
  m_Father: {fileID: 0}
  m_RootOrder: 0
--- !u!60 &6074776
PolygonCollider2D:
  m_ObjectHideFlags: 1
  m_PrefabParentObject: {fileID: 0}
  m_PrefabInternal: {fileID: 100100000}
  m_GameObject: {fileID: 186590}
  m_Enabled: 1
  m_Density: 1
  m_Material: {fileID: 0}
  m_IsTrigger: 0
  m_UsedByEffector: 0
  m_Offset: {x: 0, y: 0}
  m_Points:
    m_Paths:
    - - {x: 0.24, y: -0.79999995}
      - {x: 0.52, y: -1.18}
      - {x: 0.71999997, y: -1.36}
      - {x: 1, y: -1.24}
      - {x: 1.02, y: -0.97999996}
      - {x: 0.94, y: -0.79999995}
      - {x: 0.65999997, y: -0.78}
      - {x: 0.58, y: -0.65999997}
      - {x: 0.59999996, y: -0.38}
      - {x: 0.96, y: -0.08}
      - {x: 1.06, y: -0.24}
      - {x: 1.36, y: -0.22}
      - {x: 1.62, y: -0.19999999}
      - {x: 1.8399999, y: -0.06}
      - {x: 1.86, y: 0.02}
      - {x: 1.9799999, y: 0.24}
      - {x: 2.18, y: 0.59999996}
      - {x: 2.18, y: 0.71999997}
      - {x: 1.88, y: 0.94}
      - {x: 1.9799999, y: 1.1}
      - {x: 1.9599999, y: 1.54}
      - {x: 1.8399999, y: 1.5999999}
      - {x: 1.8, y: 1.54}
      - {x: 1.6999999, y: 1.3199999}
      - {x: 1.54, y: 1.22}
      - {x: 1.68, y: 1.62}
      - {x: 1.6999999, y: 1.74}
      - {x: 1.66, y: 1.8199999}
      - {x: 1.54, y: 1.78}
      - {x: 1.28, y: 1.5}
      - {x: 1.1, y: 1.3}
      - {x: 0.58, y: 1.8199999}
      - {x: 0.35999998, y: 2}
      - {x: 0.28, y: 2}
      - {x: 0.19999999, y: 1.88}
      - {x: 0.22, y: 1.76}
      - {x: 0.06, y: 1.88}
      - {x: -0.099999994, y: 1.8399999}
      - {x: -0.12, y: 1.5}
      - {x: -0.56, y: 1.52}
      - {x: -0.58, y: 1.5}
      - {x: -0.58, y: 1.36}
      - {x: -0.53999996, y: 1.14}
      - {x: -0.48, y: 1.0799999}
      - {x: -0.12, y: 0.96}
      - {x: -0.28, y: 0.71999997}
      - {x: -0.35999998, y: 0.56}
      - {x: -0.24, y: -0.17999999}
      - {x: -0.06, y: -1}
      - {x: 0.04, y: -1.3399999}
      - {x: 0.12, y: -1.42}
      - {x: 0.17999999, y: -1.42}
      - {x: 0.24, y: -1.4}
      - {x: 0.22, y: -1.14}
      - {x: 0.17999999, y: -0.88}
    - - {x: -0.71999997, y: 2.18}
      - {x: -0.71999997, y: 1.8}
      - {x: -0.68, y: 1.64}
      - {x: -0.35999998, y: 1.64}
      - {x: -0.19999999, y: 1.7199999}
      - {x: -0.02, y: 2.04}
      - {x: -0.02, y: 2.3999999}
      - {x: -0.24, y: 2.3999999}
      - {x: -0.53999996, y: 2.36}
--- !u!114 &11425766
MonoBehaviour:
  m_ObjectHideFlags: 1
  m_PrefabParentObject: {fileID: 0}
  m_PrefabInternal: {fileID: 100100000}
  m_GameObject: {fileID: 186590}
  m_Enabled: 1
  m_EditorHideFlags: 0
  m_Script: {fileID: 11500000, guid: 3d1bc3722abc24872a59b60d729fae8c, type: 3}
  m_Name: 
  m_EditorClassIdentifier: 
  objectUI: {fileID: 0}
  gameSprite: {fileID: 21300000, guid: 3cf19e59fbe404239959d479386b3fc7, type: 3}
  hudSprite: {fileID: 21300000, guid: 3b735edf4ee984f1dbdb5ae451a8a72c, type: 3}
  shadowSprite: {fileID: 21300000, guid: 6c51c2d1da3fe4dd3abdd4c80fa954a4, type: 3}
--- !u!212 &21235328
SpriteRenderer:
  m_ObjectHideFlags: 1
  m_PrefabParentObject: {fileID: 0}
  m_PrefabInternal: {fileID: 100100000}
  m_GameObject: {fileID: 186590}
  m_Enabled: 1
  m_CastShadows: 0
  m_ReceiveShadows: 0
  m_Materials:
  - {fileID: 10754, guid: 0000000000000000e000000000000000, type: 0}
  m_SubsetIndices: 
  m_StaticBatchRoot: {fileID: 0}
  m_UseLightProbes: 0
  m_ReflectionProbeUsage: 0
  m_ProbeAnchor: {fileID: 0}
  m_ScaleInLightmap: 1
  m_PreserveUVs: 0
  m_IgnoreNormalsForChartDetection: 0
  m_ImportantGI: 0
  m_MinimumChartSize: 4
  m_AutoUVMaxDistance: 0.5
  m_AutoUVMaxAngle: 89
  m_LightmapParameters: {fileID: 0}
  m_SortingLayerID: 0
  m_SortingOrder: 1
  m_Sprite: {fileID: 21300000, guid: 3cf19e59fbe404239959d479386b3fc7, type: 3}
  m_Color: {r: 1, g: 1, b: 1, a: 1}
  m_FlipX: 0
  m_FlipY: 0
--- !u!1001 &100100000
Prefab:
  m_ObjectHideFlags: 1
  serializedVersion: 2
  m_Modification:
    m_TransformParent: {fileID: 0}
    m_Modifications: []
    m_RemovedComponents: []
  m_ParentPrefab: {fileID: 0}
  m_RootGameObject: {fileID: 186590}
  m_IsPrefabParent: 1
