%YAML 1.1
%TAG !u! tag:unity3d.com,2011:
--- !u!1001 &100100000
Prefab:
  m_ObjectHideFlags: 1
  serializedVersion: 2
  m_Modification:
    m_TransformParent: {fileID: 0}
    m_Modifications: []
    m_RemovedComponents: []
  m_ParentPrefab: {fileID: 0}
  m_RootGameObject: {fileID: 1000011739085626}
  m_IsPrefabParent: 1
--- !u!1 &1000011739085626
GameObject:
  m_ObjectHideFlags: 0
  m_PrefabParentObject: {fileID: 0}
  m_PrefabInternal: {fileID: 100100000}
  serializedVersion: 4
  m_Component:
  - 4: {fileID: 4000011786382464}
  - 114: {fileID: 114000011945372208}
  - 212: {fileID: 212000011436562266}
  - 60: {fileID: 60000012038138550}
  m_Layer: 0
  m_Name: obj_13_08_concha
  m_TagString: Untagged
  m_Icon: {fileID: 0}
  m_NavMeshLayer: 0
  m_StaticEditorFlags: 0
  m_IsActive: 1
--- !u!4 &4000011786382464
Transform:
  m_ObjectHideFlags: 1
  m_PrefabParentObject: {fileID: 0}
  m_PrefabInternal: {fileID: 100100000}
  m_GameObject: {fileID: 1000011739085626}
  m_LocalRotation: {x: 0, y: 0, z: 0, w: 1}
  m_LocalPosition: {x: 0, y: 0, z: 0}
  m_LocalScale: {x: 1, y: 1, z: 1}
  m_LocalEulerAnglesHint: {x: 0, y: 0, z: 0}
  m_Children: []
  m_Father: {fileID: 0}
  m_RootOrder: 0
--- !u!60 &60000012038138550
PolygonCollider2D:
  m_ObjectHideFlags: 1
  m_PrefabParentObject: {fileID: 0}
  m_PrefabInternal: {fileID: 100100000}
  m_GameObject: {fileID: 1000011739085626}
  m_Enabled: 1
  m_Density: 1
  m_Material: {fileID: 0}
  m_IsTrigger: 0
  m_UsedByEffector: 0
  m_Offset: {x: 0, y: 0}
  m_Points:
    m_Paths:
    - - {x: 1.1, y: 0.02}
      - {x: 1.1, y: 0.58}
      - {x: 0.88, y: 0.71999997}
      - {x: 0.64, y: 0.62}
      - {x: 0.34, y: 0.38}
      - {x: 0, y: 0.65999997}
      - {x: -0.22, y: 0.74}
      - {x: -0.52, y: 0.74}
      - {x: -0.82, y: 0.64}
      - {x: -0.97999996, y: 0.45999998}
      - {x: -1.12, y: 0.24}
      - {x: -1.12, y: -0.14}
      - {x: -1.1, y: -0.28}
      - {x: -0.84, y: -0.59999996}
      - {x: -0.5, y: -0.71999997}
      - {x: -0.32, y: -0.74}
      - {x: 0.12, y: -0.74}
      - {x: 0.39999998, y: -0.68}
      - {x: 0.76, y: -0.45999998}
      - {x: 0.91999996, y: -0.28}
--- !u!114 &114000011945372208
MonoBehaviour:
  m_ObjectHideFlags: 1
  m_PrefabParentObject: {fileID: 0}
  m_PrefabInternal: {fileID: 100100000}
  m_GameObject: {fileID: 1000011739085626}
  m_Enabled: 1
  m_EditorHideFlags: 0
  m_Script: {fileID: 11500000, guid: 3d1bc3722abc24872a59b60d729fae8c, type: 3}
  m_Name: 
  m_EditorClassIdentifier: 
  objectUI: {fileID: 0}
  gameSprite: {fileID: 21300000, guid: be07d2ad6dfa74615adb5ef5c4ee5b39, type: 3}
  hudSprite: {fileID: 21300000, guid: a514c2d6c2e384814b1cb536b073196e, type: 3}
  shadowSprite: {fileID: 21300000, guid: 5e75689f5ebbd4448b95c5c8fd5e2aae, type: 3}
--- !u!212 &212000011436562266
SpriteRenderer:
  m_ObjectHideFlags: 1
  m_PrefabParentObject: {fileID: 0}
  m_PrefabInternal: {fileID: 100100000}
  m_GameObject: {fileID: 1000011739085626}
  m_Enabled: 1
  m_CastShadows: 0
  m_ReceiveShadows: 0
  m_MotionVectors: 1
  m_LightProbeUsage: 0
  m_ReflectionProbeUsage: 0
  m_Materials:
  - {fileID: 10754, guid: 0000000000000000f000000000000000, type: 0}
  m_SubsetIndices: 
  m_StaticBatchRoot: {fileID: 0}
  m_ProbeAnchor: {fileID: 0}
  m_LightProbeVolumeOverride: {fileID: 0}
  m_ScaleInLightmap: 1
  m_PreserveUVs: 0
  m_IgnoreNormalsForChartDetection: 0
  m_ImportantGI: 0
  m_SelectedWireframeHidden: 1
  m_MinimumChartSize: 4
  m_AutoUVMaxDistance: 0.5
  m_AutoUVMaxAngle: 89
  m_LightmapParameters: {fileID: 0}
  m_SortingLayerID: 0
  m_SortingOrder: 1
  m_Sprite: {fileID: 21300000, guid: be07d2ad6dfa74615adb5ef5c4ee5b39, type: 3}
  m_Color: {r: 1, g: 1, b: 1, a: 1}
  m_FlipX: 0
  m_FlipY: 0
