%YAML 1.1
%TAG !u! tag:unity3d.com,2011:
--- !u!1001 &100100000
Prefab:
  m_ObjectHideFlags: 1
  serializedVersion: 2
  m_Modification:
    m_TransformParent: {fileID: 0}
    m_Modifications: []
    m_RemovedComponents: []
  m_ParentPrefab: {fileID: 0}
  m_RootGameObject: {fileID: 1000011739181598}
  m_IsPrefabParent: 1
--- !u!1 &1000011739181598
GameObject:
  m_ObjectHideFlags: 0
  m_PrefabParentObject: {fileID: 0}
  m_PrefabInternal: {fileID: 100100000}
  serializedVersion: 4
  m_Component:
  - 4: {fileID: 4000010714830664}
  - 114: {fileID: 114000011528044664}
  - 212: {fileID: 212000010239566780}
  - 60: {fileID: 60000011129387660}
  m_Layer: 0
  m_Name: obj_12_26_estrela
  m_TagString: Untagged
  m_Icon: {fileID: 0}
  m_NavMeshLayer: 0
  m_StaticEditorFlags: 0
  m_IsActive: 1
--- !u!4 &4000010714830664
Transform:
  m_ObjectHideFlags: 1
  m_PrefabParentObject: {fileID: 0}
  m_PrefabInternal: {fileID: 100100000}
  m_GameObject: {fileID: 1000011739181598}
  m_LocalRotation: {x: 0, y: 0, z: 0, w: 1}
  m_LocalPosition: {x: 0, y: 0, z: 0}
  m_LocalScale: {x: 1, y: 1, z: 1}
  m_LocalEulerAnglesHint: {x: 0, y: 0, z: 0}
  m_Children: []
  m_Father: {fileID: 0}
  m_RootOrder: 0
--- !u!60 &60000011129387660
PolygonCollider2D:
  m_ObjectHideFlags: 1
  m_PrefabParentObject: {fileID: 0}
  m_PrefabInternal: {fileID: 100100000}
  m_GameObject: {fileID: 1000011739181598}
  m_Enabled: 1
  m_Density: 1
  m_Material: {fileID: 0}
  m_IsTrigger: 0
  m_UsedByEffector: 0
  m_Offset: {x: 0, y: 0}
  m_Points:
    m_Paths:
    - - {x: 0.5876953, y: -0.2996094}
      - {x: 1.0601562, y: 0.16132812}
      - {x: 1.0716797, y: 0.20742188}
      - {x: 1.0371094, y: 0.24199219}
      - {x: 0.8066406, y: 0.25351563}
      - {x: 0.36875, y: 0.2765625}
      - {x: 0.2996094, y: 0.31113282}
      - {x: 0.057617188, y: 0.89882815}
      - {x: 0.0921875, y: 0.9333984}
      - {x: 0.184375, y: 1.0947266}
      - {x: 0.184375, y: 1.2214844}
      - {x: 0.10371094, y: 1.313672}
      - {x: 0.034570314, y: 1.3251953}
      - {x: -0.13828126, y: 1.3251953}
      - {x: -0.184375, y: 1.290625}
      - {x: -0.26503906, y: 1.2099609}
      - {x: -0.23046875, y: 1.0486329}
      - {x: -0.17285156, y: 0.9910156}
      - {x: -0.184375, y: 0.7951172}
      - {x: -0.20742188, y: 0.69140625}
      - {x: -0.2996094, y: 0.43789062}
      - {x: -0.35722658, y: 0.2765625}
      - {x: -0.48398438, y: 0.2765625}
      - {x: -0.7259766, y: 0.26503906}
      - {x: -1.0140625, y: 0.25351563}
      - {x: -1.10625, y: 0.24199219}
      - {x: -1.1292969, y: 0.21894531}
      - {x: -1.1292969, y: 0.20742188}
      - {x: -0.50703126, y: -0.41484377}
      - {x: -0.5416016, y: -0.48398438}
      - {x: -0.6453125, y: -0.7029297}
      - {x: -0.82968754, y: -1.2099609}
      - {x: -0.8527344, y: -1.2791016}
      - {x: -0.7835938, y: -1.3021485}
      - {x: -0.6798828, y: -1.2330078}
      - {x: -0.011523438, y: -0.77207035}
      - {x: 0.10371094, y: -0.8642578}
      - {x: 0.48398438, y: -1.10625}
      - {x: 0.77207035, y: -1.313672}
      - {x: 0.82968754, y: -1.313672}
      - {x: 0.87578124, y: -1.3021485}
      - {x: 0.8527344, y: -1.1638672}
      - {x: 0.69140625, y: -0.71445316}
      - {x: 0.5300781, y: -0.34570312}
    - - {x: -0.12675782, y: 1.1753906}
      - {x: -0.034570314, y: 1.2099609}
      - {x: 0.04609375, y: 1.1869141}
      - {x: 0, y: 1.10625}
--- !u!114 &114000011528044664
MonoBehaviour:
  m_ObjectHideFlags: 1
  m_PrefabParentObject: {fileID: 0}
  m_PrefabInternal: {fileID: 100100000}
  m_GameObject: {fileID: 1000011739181598}
  m_Enabled: 1
  m_EditorHideFlags: 0
  m_Script: {fileID: 11500000, guid: 3d1bc3722abc24872a59b60d729fae8c, type: 3}
  m_Name: 
  m_EditorClassIdentifier: 
  objectUI: {fileID: 0}
  gameSprite: {fileID: 21300000, guid: 09649931d44d74b24aeb544be654a2d7, type: 3}
  hudSprite: {fileID: 21300000, guid: 8c66e1d20e7bd4e60a6ecc9a64c0f073, type: 3}
  shadowSprite: {fileID: 21300000, guid: 045c1d505d8fc4e21a314b6be72603a6, type: 3}
--- !u!212 &212000010239566780
SpriteRenderer:
  m_ObjectHideFlags: 1
  m_PrefabParentObject: {fileID: 0}
  m_PrefabInternal: {fileID: 100100000}
  m_GameObject: {fileID: 1000011739181598}
  m_Enabled: 1
  m_CastShadows: 0
  m_ReceiveShadows: 0
  m_MotionVectors: 1
  m_LightProbeUsage: 0
  m_ReflectionProbeUsage: 0
  m_Materials:
  - {fileID: 10754, guid: 0000000000000000f000000000000000, type: 0}
  m_SubsetIndices: 
  m_StaticBatchRoot: {fileID: 0}
  m_ProbeAnchor: {fileID: 0}
  m_LightProbeVolumeOverride: {fileID: 0}
  m_ScaleInLightmap: 1
  m_PreserveUVs: 0
  m_IgnoreNormalsForChartDetection: 0
  m_ImportantGI: 0
  m_SelectedWireframeHidden: 1
  m_MinimumChartSize: 4
  m_AutoUVMaxDistance: 0.5
  m_AutoUVMaxAngle: 89
  m_LightmapParameters: {fileID: 0}
  m_SortingLayerID: 0
  m_SortingOrder: 1
  m_Sprite: {fileID: 21300000, guid: 09649931d44d74b24aeb544be654a2d7, type: 3}
  m_Color: {r: 1, g: 1, b: 1, a: 1}
  m_FlipX: 0
  m_FlipY: 0
