%YAML 1.1
%TAG !u! tag:unity3d.com,2011:
--- !u!1 &112076
GameObject:
  m_ObjectHideFlags: 0
  m_PrefabParentObject: {fileID: 0}
  m_PrefabInternal: {fileID: 100100000}
  serializedVersion: 4
  m_Component:
  - 4: {fileID: 486758}
  - 114: {fileID: 11447992}
  - 212: {fileID: 21217494}
  - 60: {fileID: 6086754}
  m_Layer: 0
  m_Name: obj_03_37_puffin
  m_TagString: Untagged
  m_Icon: {fileID: 0}
  m_NavMeshLayer: 0
  m_StaticEditorFlags: 0
  m_IsActive: 1
--- !u!4 &486758
Transform:
  m_ObjectHideFlags: 1
  m_PrefabParentObject: {fileID: 0}
  m_PrefabInternal: {fileID: 100100000}
  m_GameObject: {fileID: 112076}
  m_LocalRotation: {x: 0, y: 0, z: 0, w: 1}
  m_LocalPosition: {x: 0, y: 0, z: 0}
  m_LocalScale: {x: 1, y: 1, z: 1}
  m_LocalEulerAnglesHint: {x: 0, y: 0, z: 0}
  m_Children: []
  m_Father: {fileID: 0}
  m_RootOrder: 0
--- !u!60 &6086754
PolygonCollider2D:
  m_ObjectHideFlags: 1
  m_PrefabParentObject: {fileID: 0}
  m_PrefabInternal: {fileID: 100100000}
  m_GameObject: {fileID: 112076}
  m_Enabled: 1
  m_Density: 1
  m_Material: {fileID: 0}
  m_IsTrigger: 0
  m_UsedByEffector: 0
  m_Offset: {x: 0, y: 0}
  m_Points:
    m_Paths:
    - - {x: 0.5856641, y: -0.8971876}
      - {x: 0.5732032, y: -0.8473438}
      - {x: 0.5108985, y: -0.7102735}
      - {x: 0.5233594, y: -0.4236719}
      - {x: 0.5233594, y: 0.049843755}
      - {x: 0.49843755, y: 0.2242969}
      - {x: 0.82242197, y: -0.14953126}
      - {x: 0.8722657, y: -0.33644533}
      - {x: 0.8348829, y: -0.59812504}
      - {x: 0.8722657, y: -0.74765635}
      - {x: 1.0467188, y: -0.7725782}
      - {x: 1.1837891, y: -0.5732032}
      - {x: 1.1837891, y: -0.31152347}
      - {x: 1.1464064, y: -0.14953126}
      - {x: 1.0841017, y: -0.024921877}
      - {x: 0.9719532, y: 0.12460939}
      - {x: 0.67289066, y: 0.46105474}
      - {x: 0.27414066, y: 0.67289066}
      - {x: 0.08722657, y: 1.3208596}
      - {x: -0.062304694, y: 1.4703908}
      - {x: -0.23675783, y: 1.5451564}
      - {x: -0.4236719, y: 1.5700783}
      - {x: -0.6604298, y: 1.5700783}
      - {x: -0.72273445, y: 1.5576173}
      - {x: -0.8348829, y: 1.4828517}
      - {x: -1.0591798, y: 1.2959377}
      - {x: -1.1339455, y: 1.3083986}
      - {x: -1.1837891, y: 1.2336329}
      - {x: -1.1837891, y: 1.1464064}
      - {x: -1.0716407, y: 0.95949227}
      - {x: -1.0841017, y: 0.7351954}
      - {x: -1.021797, y: 0.59812504}
      - {x: -0.85980475, y: 0.4485938}
      - {x: -0.74765635, y: 0.39875004}
      - {x: -0.88472664, y: 0.2616797}
      - {x: -0.98441416, y: 0.12460939}
      - {x: -1.009336, y: 0.012460939}
      - {x: -1.0591798, y: -0.19937502}
      - {x: -1.0591798, y: -0.46105474}
      - {x: -1.0716407, y: -0.5856641}
      - {x: -1.0342579, y: -0.6853516}
      - {x: -0.8971876, y: -0.9470313}
      - {x: -0.8473438, y: -1.009336}
      - {x: -0.7351954, y: -0.9968751}
      - {x: -0.6853516, y: -0.9470313}
      - {x: -0.69781256, y: -0.82242197}
      - {x: -0.7725782, y: -0.67289066}
      - {x: -0.76011723, y: -0.49843755}
      - {x: -0.7725782, y: -0.37382817}
      - {x: -0.7102735, y: -0.037382815}
      - {x: -0.6479688, y: 0.08722657}
      - {x: -0.62304693, y: -0.11214845}
      - {x: -0.5856641, y: -0.2866016}
      - {x: -0.5108985, y: -0.41121098}
      - {x: -0.2242969, y: -0.82242197}
      - {x: -0.11214845, y: -0.9345704}
      - {x: 0.037382815, y: -0.9470313}
      - {x: 0.037382815, y: -1.0342579}
      - {x: -0.2866016, y: -1.1090236}
      - {x: -0.29906252, y: -1.1339455}
      - {x: -0.2866016, y: -1.1713282}
      - {x: 0.08722657, y: -1.2585548}
      - {x: 0.23675783, y: -1.1962501}
      - {x: 0.19937502, y: -0.9470313}
      - {x: 0.2616797, y: -0.95949227}
      - {x: 0.34890628, y: -0.98441416}
      - {x: 0.5233594, y: -0.98441416}
      - {x: 0.5482813, y: -1.1464064}
      - {x: 0.56074226, y: -1.2585548}
      - {x: 0.610586, y: -1.2959377}
      - {x: 0.98441416, y: -1.3707032}
      - {x: 1.1090236, y: -1.3707032}
      - {x: 1.1588672, y: -1.3582423}
      - {x: 1.1090236, y: -1.2834767}
      - {x: 0.9470313, y: -1.221172}
      - {x: 0.7351954, y: -0.9968751}
--- !u!114 &11447992
MonoBehaviour:
  m_ObjectHideFlags: 1
  m_PrefabParentObject: {fileID: 0}
  m_PrefabInternal: {fileID: 100100000}
  m_GameObject: {fileID: 112076}
  m_Enabled: 1
  m_EditorHideFlags: 0
  m_Script: {fileID: 11500000, guid: 3d1bc3722abc24872a59b60d729fae8c, type: 3}
  m_Name: 
  m_EditorClassIdentifier: 
  objectUI: {fileID: 0}
  gameSprite: {fileID: 21300000, guid: ef62fc7d3b3ca48f19ae38b604f320df, type: 3}
  hudSprite: {fileID: 21300000, guid: ee71b4537bcc94b7ba29950957a9382d, type: 3}
  shadowSprite: {fileID: 21300000, guid: b7ba739b0474b4af7af9d3f329a06171, type: 3}
--- !u!212 &21217494
SpriteRenderer:
  m_ObjectHideFlags: 1
  m_PrefabParentObject: {fileID: 0}
  m_PrefabInternal: {fileID: 100100000}
  m_GameObject: {fileID: 112076}
  m_Enabled: 1
  m_CastShadows: 0
  m_ReceiveShadows: 0
  m_Materials:
  - {fileID: 10754, guid: 0000000000000000e000000000000000, type: 0}
  m_SubsetIndices: 
  m_StaticBatchRoot: {fileID: 0}
  m_UseLightProbes: 0
  m_ReflectionProbeUsage: 0
  m_ProbeAnchor: {fileID: 0}
  m_ScaleInLightmap: 1
  m_PreserveUVs: 0
  m_IgnoreNormalsForChartDetection: 0
  m_ImportantGI: 0
  m_MinimumChartSize: 4
  m_AutoUVMaxDistance: 0.5
  m_AutoUVMaxAngle: 89
  m_LightmapParameters: {fileID: 0}
  m_SortingLayerID: 0
  m_SortingOrder: 1
  m_Sprite: {fileID: 21300000, guid: ef62fc7d3b3ca48f19ae38b604f320df, type: 3}
  m_Color: {r: 1, g: 1, b: 1, a: 1}
  m_FlipX: 0
  m_FlipY: 0
--- !u!1001 &100100000
Prefab:
  m_ObjectHideFlags: 1
  serializedVersion: 2
  m_Modification:
    m_TransformParent: {fileID: 0}
    m_Modifications: []
    m_RemovedComponents: []
  m_ParentPrefab: {fileID: 0}
  m_RootGameObject: {fileID: 112076}
  m_IsPrefabParent: 1
