%YAML 1.1
%TAG !u! tag:unity3d.com,2011:
--- !u!1001 &100100000
Prefab:
  m_ObjectHideFlags: 1
  serializedVersion: 2
  m_Modification:
    m_TransformParent: {fileID: 0}
    m_Modifications: []
    m_RemovedComponents: []
  m_ParentPrefab: {fileID: 0}
  m_RootGameObject: {fileID: 1819899189503162}
  m_IsPrefabParent: 1
--- !u!1 &1819899189503162
GameObject:
  m_ObjectHideFlags: 0
  m_PrefabParentObject: {fileID: 0}
  m_PrefabInternal: {fileID: 100100000}
  serializedVersion: 5
  m_Component:
  - component: {fileID: 4842248861250204}
  - component: {fileID: 114931675286460554}
  - component: {fileID: 212234387053743826}
  - component: {fileID: 60312246472979478}
  m_Layer: 0
  m_Name: obj_17_37_pacote
  m_TagString: Untagged
  m_Icon: {fileID: 0}
  m_NavMeshLayer: 0
  m_StaticEditorFlags: 0
  m_IsActive: 1
--- !u!4 &4842248861250204
Transform:
  m_ObjectHideFlags: 1
  m_PrefabParentObject: {fileID: 0}
  m_PrefabInternal: {fileID: 100100000}
  m_GameObject: {fileID: 1819899189503162}
  m_LocalRotation: {x: 0, y: 0, z: 0, w: 1}
  m_LocalPosition: {x: 0, y: 0, z: 0}
  m_LocalScale: {x: 1, y: 1, z: 1}
  m_Children: []
  m_Father: {fileID: 0}
  m_RootOrder: 0
  m_LocalEulerAnglesHint: {x: 0, y: 0, z: 0}
--- !u!60 &60312246472979478
PolygonCollider2D:
  m_ObjectHideFlags: 1
  m_PrefabParentObject: {fileID: 0}
  m_PrefabInternal: {fileID: 100100000}
  m_GameObject: {fileID: 1819899189503162}
  m_Enabled: 1
  m_Density: 1
  m_Material: {fileID: 0}
  m_IsTrigger: 0
  m_UsedByEffector: 0
  m_Offset: {x: 0, y: 0}
  m_Points:
    m_Paths:
    - - {x: 0.64, y: -0.65999997}
      - {x: 1.3, y: -0.44}
      - {x: 1.36, y: -0.38}
      - {x: 1.38, y: -0.16}
      - {x: 1.38, y: 0.59999996}
      - {x: 1.4, y: 0.64}
      - {x: 1.4, y: 0.71999997}
      - {x: 1.22, y: 0.79999995}
      - {x: 0.82, y: 0.94}
      - {x: 0.79999995, y: 0.97999996}
      - {x: 0.39999998, y: 1.1}
      - {x: 0.26, y: 1.1}
      - {x: -0.26, y: 1.02}
      - {x: -0.32, y: 1.04}
      - {x: -0.48, y: 1.04}
      - {x: -0.64, y: 0.91999996}
      - {x: -1.12, y: 0.85999995}
      - {x: -1.52, y: 0.78}
      - {x: -1.54, y: 0.71999997}
      - {x: -1.54, y: 0.45999998}
      - {x: -1.52, y: -0.29999998}
      - {x: -1.26, y: -0.56}
      - {x: -1.28, y: -0.62}
      - {x: -1.1, y: -0.74}
      - {x: -0.76, y: -1.02}
      - {x: -0.68, y: -1.0799999}
      - {x: -0.58, y: -1.0799999}
      - {x: -0.39999998, y: -1.04}
      - {x: 0.44, y: -0.76}
--- !u!114 &114931675286460554
MonoBehaviour:
  m_ObjectHideFlags: 1
  m_PrefabParentObject: {fileID: 0}
  m_PrefabInternal: {fileID: 100100000}
  m_GameObject: {fileID: 1819899189503162}
  m_Enabled: 1
  m_EditorHideFlags: 0
  m_Script: {fileID: 11500000, guid: 3d1bc3722abc24872a59b60d729fae8c, type: 3}
  m_Name: 
  m_EditorClassIdentifier: 
  objectUI: {fileID: 0}
  gameSprite: {fileID: 21300000, guid: bb947db3776d64191957b868eccd46c8, type: 3}
  hudSprite: {fileID: 21300000, guid: ae0648df254944a82bbe85393117f363, type: 3}
  shadowSprite: {fileID: 21300000, guid: 7d9cab539237a4dbd89f149872da008d, type: 3}
--- !u!212 &212234387053743826
SpriteRenderer:
  m_ObjectHideFlags: 1
  m_PrefabParentObject: {fileID: 0}
  m_PrefabInternal: {fileID: 100100000}
  m_GameObject: {fileID: 1819899189503162}
  m_Enabled: 1
  m_CastShadows: 0
  m_ReceiveShadows: 0
  m_MotionVectors: 1
  m_LightProbeUsage: 0
  m_ReflectionProbeUsage: 0
  m_Materials:
  - {fileID: 10754, guid: 0000000000000000f000000000000000, type: 0}
  m_StaticBatchInfo:
    firstSubMesh: 0
    subMeshCount: 0
  m_StaticBatchRoot: {fileID: 0}
  m_ProbeAnchor: {fileID: 0}
  m_LightProbeVolumeOverride: {fileID: 0}
  m_ScaleInLightmap: 1
  m_PreserveUVs: 0
  m_IgnoreNormalsForChartDetection: 0
  m_ImportantGI: 0
  m_SelectedEditorRenderState: 0
  m_MinimumChartSize: 4
  m_AutoUVMaxDistance: 0.5
  m_AutoUVMaxAngle: 89
  m_LightmapParameters: {fileID: 0}
  m_SortingLayerID: 0
  m_SortingOrder: 1
  m_Sprite: {fileID: 21300000, guid: bb947db3776d64191957b868eccd46c8, type: 3}
  m_Color: {r: 1, g: 1, b: 1, a: 1}
  m_FlipX: 0
  m_FlipY: 0
