%YAML 1.1
%TAG !u! tag:unity3d.com,2011:
--- !u!1001 &100100000
Prefab:
  m_ObjectHideFlags: 1
  serializedVersion: 2
  m_Modification:
    m_TransformParent: {fileID: 0}
    m_Modifications: []
    m_RemovedComponents: []
  m_ParentPrefab: {fileID: 0}
  m_RootGameObject: {fileID: 1888617304405688}
  m_IsPrefabParent: 1
--- !u!1 &1888617304405688
GameObject:
  m_ObjectHideFlags: 0
  m_PrefabParentObject: {fileID: 0}
  m_PrefabInternal: {fileID: 100100000}
  serializedVersion: 5
  m_Component:
  - component: {fileID: 4061724487417974}
  - component: {fileID: 114852657866560924}
  - component: {fileID: 212918810938016566}
  - component: {fileID: 60687946465339438}
  m_Layer: 0
  m_Name: obj_20_11_cesta
  m_TagString: Untagged
  m_Icon: {fileID: 0}
  m_NavMeshLayer: 0
  m_StaticEditorFlags: 0
  m_IsActive: 1
--- !u!4 &4061724487417974
Transform:
  m_ObjectHideFlags: 1
  m_PrefabParentObject: {fileID: 0}
  m_PrefabInternal: {fileID: 100100000}
  m_GameObject: {fileID: 1888617304405688}
  m_LocalRotation: {x: 0, y: 0, z: 0, w: 1}
  m_LocalPosition: {x: 0, y: 0, z: 0}
  m_LocalScale: {x: 1, y: 1, z: 1}
  m_Children: []
  m_Father: {fileID: 0}
  m_RootOrder: 0
  m_LocalEulerAnglesHint: {x: 0, y: 0, z: 0}
--- !u!60 &60687946465339438
PolygonCollider2D:
  m_ObjectHideFlags: 1
  m_PrefabParentObject: {fileID: 0}
  m_PrefabInternal: {fileID: 100100000}
  m_GameObject: {fileID: 1888617304405688}
  m_Enabled: 1
  m_Density: 1
  m_Material: {fileID: 0}
  m_IsTrigger: 0
  m_UsedByEffector: 0
  m_Offset: {x: 0, y: 0}
  m_Points:
    m_Paths:
    - - {x: 1.898789, y: -0.07671875}
      - {x: 1.898789, y: 0.44113278}
      - {x: 1.7261719, y: 0.5945703}
      - {x: 1.4768358, y: 0.5945703}
      - {x: 1.4192969, y: 0.90144527}
      - {x: 1.2850391, y: 0.978164}
      - {x: 0.9398047, y: 0.6329297}
      - {x: 0.671289, y: 0.8630859}
      - {x: 0.40277344, y: 0.70964843}
      - {x: 0.23015624, y: 0.90144527}
      - {x: 0.07671875, y: 0.9589844}
      - {x: -0.038359374, y: 0.671289}
      - {x: -0.49867186, y: 0.978164}
      - {x: -0.51785153, y: 0.978164}
      - {x: -0.55621094, y: 0.8439062}
      - {x: -0.6904687, y: 0.70964843}
      - {x: -1.0548828, y: 0.70964843}
      - {x: -1.2083203, y: 0.90144527}
      - {x: -1.3233984, y: 0.978164}
      - {x: -1.4576561, y: 0.978164}
      - {x: -1.5535547, y: 0.920625}
      - {x: -1.5535547, y: 0.671289}
      - {x: -1.7261719, y: 0.7863672}
      - {x: -1.8220702, y: 0.8439062}
      - {x: -1.898789, y: 0.4219531}
      - {x: -1.9371483, y: 0.306875}
      - {x: -1.9371483, y: 0.13425781}
      - {x: -1.6110938, y: -0.53703123}
      - {x: -1.4192969, y: -0.7480078}
      - {x: -1.2658594, y: -0.7671875}
      - {x: -0.920625, y: -0.8055469}
      - {x: 0.88226557, y: -0.8055469}
      - {x: 1.4768358, y: -0.7863672}
      - {x: 1.7645311, y: -0.6521094}
      - {x: 1.8796093, y: -0.21097656}
--- !u!114 &114852657866560924
MonoBehaviour:
  m_ObjectHideFlags: 1
  m_PrefabParentObject: {fileID: 0}
  m_PrefabInternal: {fileID: 100100000}
  m_GameObject: {fileID: 1888617304405688}
  m_Enabled: 1
  m_EditorHideFlags: 0
  m_Script: {fileID: 11500000, guid: 3d1bc3722abc24872a59b60d729fae8c, type: 3}
  m_Name: 
  m_EditorClassIdentifier: 
  objectUI: {fileID: 0}
  gameSprite: {fileID: 21300000, guid: 5dea2de4d04844454abe51581897f520, type: 3}
  hudSprite: {fileID: 21300000, guid: 0bd091d4709a84652846bc3c127d45e4, type: 3}
  shadowSprite: {fileID: 21300000, guid: 9936701ad871d4091907863bd8db6f4f, type: 3}
--- !u!212 &212918810938016566
SpriteRenderer:
  m_ObjectHideFlags: 1
  m_PrefabParentObject: {fileID: 0}
  m_PrefabInternal: {fileID: 100100000}
  m_GameObject: {fileID: 1888617304405688}
  m_Enabled: 1
  m_CastShadows: 0
  m_ReceiveShadows: 0
  m_MotionVectors: 1
  m_LightProbeUsage: 0
  m_ReflectionProbeUsage: 0
  m_Materials:
  - {fileID: 10754, guid: 0000000000000000f000000000000000, type: 0}
  m_StaticBatchInfo:
    firstSubMesh: 0
    subMeshCount: 0
  m_StaticBatchRoot: {fileID: 0}
  m_ProbeAnchor: {fileID: 0}
  m_LightProbeVolumeOverride: {fileID: 0}
  m_ScaleInLightmap: 1
  m_PreserveUVs: 0
  m_IgnoreNormalsForChartDetection: 0
  m_ImportantGI: 0
  m_SelectedEditorRenderState: 0
  m_MinimumChartSize: 4
  m_AutoUVMaxDistance: 0.5
  m_AutoUVMaxAngle: 89
  m_LightmapParameters: {fileID: 0}
  m_SortingLayerID: 0
  m_SortingOrder: 1
  m_Sprite: {fileID: 21300000, guid: 5dea2de4d04844454abe51581897f520, type: 3}
  m_Color: {r: 1, g: 1, b: 1, a: 1}
  m_FlipX: 0
  m_FlipY: 0
