%YAML 1.1
%TAG !u! tag:unity3d.com,2011:
--- !u!1 &191922
GameObject:
  m_ObjectHideFlags: 0
  m_PrefabParentObject: {fileID: 0}
  m_PrefabInternal: {fileID: 100100000}
  serializedVersion: 4
  m_Component:
  - 4: {fileID: 475994}
  - 114: {fileID: 11423318}
  - 212: {fileID: 21206366}
  - 60: {fileID: 6010008}
  m_Layer: 0
  m_Name: obj_04_06_saco
  m_TagString: Untagged
  m_Icon: {fileID: 0}
  m_NavMeshLayer: 0
  m_StaticEditorFlags: 0
  m_IsActive: 1
--- !u!4 &475994
Transform:
  m_ObjectHideFlags: 1
  m_PrefabParentObject: {fileID: 0}
  m_PrefabInternal: {fileID: 100100000}
  m_GameObject: {fileID: 191922}
  m_LocalRotation: {x: 0, y: 0, z: 0, w: 1}
  m_LocalPosition: {x: 0, y: 0, z: 0}
  m_LocalScale: {x: 1, y: 1, z: 1}
  m_LocalEulerAnglesHint: {x: 0, y: 0, z: 0}
  m_Children: []
  m_Father: {fileID: 0}
  m_RootOrder: 0
--- !u!60 &6010008
PolygonCollider2D:
  m_ObjectHideFlags: 1
  m_PrefabParentObject: {fileID: 0}
  m_PrefabInternal: {fileID: 100100000}
  m_GameObject: {fileID: 191922}
  m_Enabled: 1
  m_Density: 1
  m_Material: {fileID: 0}
  m_IsTrigger: 0
  m_UsedByEffector: 0
  m_Offset: {x: 0, y: 0}
  m_Points:
    m_Paths:
    - - {x: 0.58, y: -1.68}
      - {x: 0.85999995, y: -1.5}
      - {x: 0.84, y: -0.79999995}
      - {x: 0.91999996, y: -0.44}
      - {x: 1.68, y: -0.08}
      - {x: 1.7199999, y: 0}
      - {x: 1.7199999, y: 0.06}
      - {x: 1.54, y: 0.19999999}
      - {x: 1.22, y: 0.34}
      - {x: 0.85999995, y: 0.53999996}
      - {x: 0.7, y: 1.14}
      - {x: 0.52, y: 1.42}
      - {x: 0.28, y: 1.7199999}
      - {x: 0.32, y: 2.1}
      - {x: 0.19999999, y: 2.24}
      - {x: 0.06, y: 2.24}
      - {x: -0.06, y: 2.04}
      - {x: -0.04, y: 1.78}
      - {x: -0.35999998, y: 1.76}
      - {x: -1.14, y: 1.54}
      - {x: -1.42, y: 1.36}
      - {x: -1.42, y: 1.26}
      - {x: -1.4, y: 1.22}
      - {x: -0.78, y: 1.14}
      - {x: -0.7, y: 0.56}
      - {x: -0.88, y: 0.35999998}
      - {x: -0.88, y: -1.3199999}
      - {x: -0.76, y: -1.4599999}
      - {x: -0.53999996, y: -1.5999999}
      - {x: -0.14, y: -1.78}
      - {x: -0.14, y: -1.92}
      - {x: -0.19999999, y: -2.02}
      - {x: 0.04, y: -2.1599998}
      - {x: 0.19999999, y: -2.1599998}
      - {x: 0.22, y: -2.08}
      - {x: 0.26, y: -1.7199999}
      - {x: 0.39999998, y: -1.6999999}
    - - {x: -2.08, y: 1.52}
      - {x: -2.08, y: 1.36}
      - {x: -2.04, y: 1.3}
      - {x: -1.68, y: 1.28}
      - {x: -1.48, y: 1.28}
      - {x: -1.4599999, y: 1.3199999}
      - {x: -1.48, y: 1.4}
      - {x: -1.66, y: 1.52}
--- !u!114 &11423318
MonoBehaviour:
  m_ObjectHideFlags: 1
  m_PrefabParentObject: {fileID: 0}
  m_PrefabInternal: {fileID: 100100000}
  m_GameObject: {fileID: 191922}
  m_Enabled: 1
  m_EditorHideFlags: 0
  m_Script: {fileID: 11500000, guid: 3d1bc3722abc24872a59b60d729fae8c, type: 3}
  m_Name: 
  m_EditorClassIdentifier: 
  objectUI: {fileID: 0}
  gameSprite: {fileID: 21300000, guid: 8e3a56951a9f74cdfa1ea1ce9d80f5a0, type: 3}
  hudSprite: {fileID: 21300000, guid: 27ea079d89f09478f902b3cdf8730417, type: 3}
  shadowSprite: {fileID: 21300000, guid: 306cf97a43bc44c2681dbea31c8bc200, type: 3}
--- !u!212 &21206366
SpriteRenderer:
  m_ObjectHideFlags: 1
  m_PrefabParentObject: {fileID: 0}
  m_PrefabInternal: {fileID: 100100000}
  m_GameObject: {fileID: 191922}
  m_Enabled: 1
  m_CastShadows: 0
  m_ReceiveShadows: 0
  m_Materials:
  - {fileID: 10754, guid: 0000000000000000e000000000000000, type: 0}
  m_SubsetIndices: 
  m_StaticBatchRoot: {fileID: 0}
  m_UseLightProbes: 0
  m_ReflectionProbeUsage: 0
  m_ProbeAnchor: {fileID: 0}
  m_ScaleInLightmap: 1
  m_PreserveUVs: 0
  m_IgnoreNormalsForChartDetection: 0
  m_ImportantGI: 0
  m_MinimumChartSize: 4
  m_AutoUVMaxDistance: 0.5
  m_AutoUVMaxAngle: 89
  m_LightmapParameters: {fileID: 0}
  m_SortingLayerID: 0
  m_SortingOrder: 1
  m_Sprite: {fileID: 21300000, guid: 8e3a56951a9f74cdfa1ea1ce9d80f5a0, type: 3}
  m_Color: {r: 1, g: 1, b: 1, a: 1}
  m_FlipX: 0
  m_FlipY: 0
--- !u!1001 &100100000
Prefab:
  m_ObjectHideFlags: 1
  serializedVersion: 2
  m_Modification:
    m_TransformParent: {fileID: 0}
    m_Modifications: []
    m_RemovedComponents: []
  m_ParentPrefab: {fileID: 0}
  m_RootGameObject: {fileID: 191922}
  m_IsPrefabParent: 1
