%YAML 1.1
%TAG !u! tag:unity3d.com,2011:
--- !u!1001 &100100000
Prefab:
  m_ObjectHideFlags: 1
  serializedVersion: 2
  m_Modification:
    m_TransformParent: {fileID: 0}
    m_Modifications: []
    m_RemovedComponents: []
  m_ParentPrefab: {fileID: 0}
  m_RootGameObject: {fileID: 1231760165153456}
  m_IsPrefabParent: 1
--- !u!1 &1231760165153456
GameObject:
  m_ObjectHideFlags: 0
  m_PrefabParentObject: {fileID: 0}
  m_PrefabInternal: {fileID: 100100000}
  serializedVersion: 5
  m_Component:
  - component: {fileID: 4566431335884484}
  - component: {fileID: 114810062554171798}
  - component: {fileID: 212296854477918786}
  - component: {fileID: 60423327592086882}
  m_Layer: 0
  m_Name: obj_20_19_cesta
  m_TagString: Untagged
  m_Icon: {fileID: 0}
  m_NavMeshLayer: 0
  m_StaticEditorFlags: 0
  m_IsActive: 1
--- !u!4 &4566431335884484
Transform:
  m_ObjectHideFlags: 1
  m_PrefabParentObject: {fileID: 0}
  m_PrefabInternal: {fileID: 100100000}
  m_GameObject: {fileID: 1231760165153456}
  m_LocalRotation: {x: 0, y: 0, z: 0, w: 1}
  m_LocalPosition: {x: 0, y: 0, z: 0}
  m_LocalScale: {x: 1, y: 1, z: 1}
  m_Children: []
  m_Father: {fileID: 0}
  m_RootOrder: 0
  m_LocalEulerAnglesHint: {x: 0, y: 0, z: 0}
--- !u!60 &60423327592086882
PolygonCollider2D:
  m_ObjectHideFlags: 1
  m_PrefabParentObject: {fileID: 0}
  m_PrefabInternal: {fileID: 100100000}
  m_GameObject: {fileID: 1231760165153456}
  m_Enabled: 1
  m_Density: 1
  m_Material: {fileID: 0}
  m_IsTrigger: 0
  m_UsedByEffector: 0
  m_Offset: {x: 0, y: 0}
  m_Points:
    m_Paths:
    - - {x: 1.444336, y: -1.1747266}
      - {x: 1.5021095, y: -0.6740235}
      - {x: 1.5213673, y: -0.36589846}
      - {x: 1.4635938, y: 0}
      - {x: 1.5021095, y: 0.1348047}
      - {x: 1.5213673, y: 0.21183595}
      - {x: 1.5213673, y: 0.4236719}
      - {x: 1.4250782, y: 0.48144534}
      - {x: 1.3287891, y: 0.519961}
      - {x: 1.1747266, y: 0.6355078}
      - {x: 1.0976954, y: 0.94363284}
      - {x: 0.9821485, y: 0.9628907}
      - {x: 0.7125391, y: 0.9628907}
      - {x: 0.48144534, y: 1.2325001}
      - {x: 0.48144534, y: 1.4635938}
      - {x: 0.44292971, y: 1.7524611}
      - {x: 0.23109376, y: 1.9257814}
      - {x: -0.05777344, y: 1.9257814}
      - {x: -0.11554688, y: 1.9065236}
      - {x: -0.2696094, y: 1.8294923}
      - {x: -0.50070316, y: 1.5021095}
      - {x: -0.55847657, y: 1.2132423}
      - {x: -0.77031255, y: 1.1939845}
      - {x: -1.136211, y: 0.9628907}
      - {x: -1.4058204, y: 0.78957033}
      - {x: -1.6754298, y: 0.2696094}
      - {x: -1.7332032, y: -0.25035158}
      - {x: -1.7332032, y: -0.6932813}
      - {x: -1.5791407, y: -1.0976954}
      - {x: -1.348047, y: -1.348047}
      - {x: -1.0976954, y: -1.5213673}
      - {x: -1.0206641, y: -1.5598829}
      - {x: -0.6740235, y: -1.6754298}
      - {x: -0.19257814, y: -1.7524611}
      - {x: 0.2696094, y: -1.7524611}
      - {x: 0.7317969, y: -1.6946876}
      - {x: 1.1169531, y: -1.5598829}
      - {x: 1.2902735, y: -1.3865626}
    - - {x: -0.23109376, y: 1.039922}
      - {x: -0.21183595, y: 1.0591798}
      - {x: 0.05777344, y: 1.656172}
      - {x: -0.21183595, y: 1.039922}
      - {x: -0.25035158, y: 0.9821485}
      - {x: -0.23109376, y: 0.9821485}
--- !u!114 &114810062554171798
MonoBehaviour:
  m_ObjectHideFlags: 1
  m_PrefabParentObject: {fileID: 0}
  m_PrefabInternal: {fileID: 100100000}
  m_GameObject: {fileID: 1231760165153456}
  m_Enabled: 1
  m_EditorHideFlags: 0
  m_Script: {fileID: 11500000, guid: 3d1bc3722abc24872a59b60d729fae8c, type: 3}
  m_Name: 
  m_EditorClassIdentifier: 
  objectUI: {fileID: 0}
  gameSprite: {fileID: 21300000, guid: 93f026d8f4fac46e0812cdb1defde4aa, type: 3}
  hudSprite: {fileID: 21300000, guid: bb7fe41c4d3844530bb6d8211ee39dea, type: 3}
  shadowSprite: {fileID: 21300000, guid: 0029be201b5b54a879af4a88c0512541, type: 3}
--- !u!212 &212296854477918786
SpriteRenderer:
  m_ObjectHideFlags: 1
  m_PrefabParentObject: {fileID: 0}
  m_PrefabInternal: {fileID: 100100000}
  m_GameObject: {fileID: 1231760165153456}
  m_Enabled: 1
  m_CastShadows: 0
  m_ReceiveShadows: 0
  m_MotionVectors: 1
  m_LightProbeUsage: 0
  m_ReflectionProbeUsage: 0
  m_Materials:
  - {fileID: 10754, guid: 0000000000000000f000000000000000, type: 0}
  m_StaticBatchInfo:
    firstSubMesh: 0
    subMeshCount: 0
  m_StaticBatchRoot: {fileID: 0}
  m_ProbeAnchor: {fileID: 0}
  m_LightProbeVolumeOverride: {fileID: 0}
  m_ScaleInLightmap: 1
  m_PreserveUVs: 0
  m_IgnoreNormalsForChartDetection: 0
  m_ImportantGI: 0
  m_SelectedEditorRenderState: 0
  m_MinimumChartSize: 4
  m_AutoUVMaxDistance: 0.5
  m_AutoUVMaxAngle: 89
  m_LightmapParameters: {fileID: 0}
  m_SortingLayerID: 0
  m_SortingOrder: 1
  m_Sprite: {fileID: 21300000, guid: 93f026d8f4fac46e0812cdb1defde4aa, type: 3}
  m_Color: {r: 1, g: 1, b: 1, a: 1}
  m_FlipX: 0
  m_FlipY: 0
