%YAML 1.1
%TAG !u! tag:unity3d.com,2011:
--- !u!1 &191666
GameObject:
  m_ObjectHideFlags: 0
  m_PrefabParentObject: {fileID: 0}
  m_PrefabInternal: {fileID: 100100000}
  serializedVersion: 4
  m_Component:
  - 4: {fileID: 472310}
  - 114: {fileID: 11457018}
  - 212: {fileID: 21267746}
  - 60: {fileID: 6077852}
  m_Layer: 0
  m_Name: obj_08_25_balanco
  m_TagString: Untagged
  m_Icon: {fileID: 0}
  m_NavMeshLayer: 0
  m_StaticEditorFlags: 0
  m_IsActive: 1
--- !u!4 &472310
Transform:
  m_ObjectHideFlags: 1
  m_PrefabParentObject: {fileID: 0}
  m_PrefabInternal: {fileID: 100100000}
  m_GameObject: {fileID: 191666}
  m_LocalRotation: {x: 0, y: 0, z: 0, w: 1}
  m_LocalPosition: {x: 18.426031, y: -7.490553, z: 0}
  m_LocalScale: {x: 1, y: 1, z: 1}
  m_LocalEulerAnglesHint: {x: 0, y: 0, z: 0}
  m_Children: []
  m_Father: {fileID: 0}
  m_RootOrder: 0
--- !u!60 &6077852
PolygonCollider2D:
  m_ObjectHideFlags: 1
  m_PrefabParentObject: {fileID: 0}
  m_PrefabInternal: {fileID: 100100000}
  m_GameObject: {fileID: 191666}
  m_Enabled: 1
  m_Density: 1
  m_Material: {fileID: 0}
  m_IsTrigger: 0
  m_UsedByEffector: 0
  m_Offset: {x: 0, y: 0}
  m_Points:
    m_Paths:
    - - {x: 0.625, y: -2.78125}
      - {x: 0.5, y: -2.8125}
      - {x: 0.53125, y: 0.09375}
      - {x: 0.4375, y: 0.125}
      - {x: 0.34375, y: 0.125}
      - {x: 0.18684387, y: 3.8614826}
      - {x: -0.38815308, y: 3.2492948}
      - {x: -0.39884567, y: -2.829111}
      - {x: -0.4375, y: -3}
      - {x: -0.454113, y: -0.691617}
      - {x: -0.625, y: -1.125}
      - {x: -0.71875, y: -1.1376657}
      - {x: -0.875, y: -3.25}
      - {x: -0.9375, y: -3.34375}
      - {x: -0.9375, y: -3.8125}
      - {x: -0.71875, y: -4}
      - {x: -0.125, y: -4}
      - {x: 0.03125, y: -3.96875}
      - {x: 0.78125, y: -3.28125}
      - {x: 0.875, y: -3.03125}
      - {x: 0.875, y: -2.90625}
    - - {x: -0.71875, y: 1.15625}
      - {x: -0.71875, y: -1.125}
      - {x: -0.65625, y: -1.125}
      - {x: -0.5625, y: -1.09375}
      - {x: -0.46875, y: -0.9375}
      - {x: -0.46875, y: 1.1875}
      - {x: -0.5625, y: 1.1875}
    - - {x: 0.25, y: 1.125}
      - {x: 0.25, y: 0.65625}
      - {x: 0.47138214, y: 0.003458023}
      - {x: 0.4375, y: 0.59375}
      - {x: 0.5478611, y: -0.04506111}
      - {x: 0.5, y: 1.125}
      - {x: 0.4375, y: 1.1875}
      - {x: 0.3125, y: 1.1875}
    - - {x: 0.375, y: 1.84375}
      - {x: 0.25, y: 1.78125}
      - {x: 0.25, y: 1.5}
      - {x: 0.375, y: 1.3125}
      - {x: 0.4375, y: 1.3125}
      - {x: 0.5, y: 1.375}
      - {x: 0.5, y: 1.78125}
      - {x: 0.46875, y: 1.84375}
    - - {x: -0.71875, y: 1.96875}
      - {x: -0.71875, y: 1.4375}
      - {x: -0.672205, y: 1.0871739}
      - {x: -0.45082283, y: 1.0233583}
      - {x: -0.46875, y: 1.5}
      - {x: -0.46875, y: 1.96875}
    - - {x: 0.3125, y: 2.125}
      - {x: 0.25, y: 2.0625}
      - {x: 0.25, y: 2.03125}
      - {x: 0.34375, y: 1.9375}
      - {x: 0.40625, y: 1.9375}
      - {x: 0.46875, y: 2}
      - {x: 0.46875, y: 2.0625}
      - {x: 0.40625, y: 2.125}
    - - {x: -0.90625, y: 3.46875}
      - {x: -1.0625, y: 3.28125}
      - {x: -1.0625, y: 2.8125}
      - {x: -0.90625, y: 2.65625}
      - {x: -0.6875, y: 2}
      - {x: -0.4375, y: 2}
      - {x: -0.375, y: 2.21875}
      - {x: -0.43881416, y: 3.239307}
      - {x: -0.53125, y: 3.46875}
    - - {x: 0.375, y: 4}
      - {x: 0.03125, y: 4}
      - {x: -0.0625, y: 3.84375}
      - {x: -0.0625, y: 3.46875}
      - {x: 0.1875, y: 2.1875}
      - {x: 0.5638161, y: 0.86333275}
      - {x: 0.59375, y: 2.625}
      - {x: 0.59375, y: 3.78125}
      - {x: 0.5625, y: 3.9375}
--- !u!114 &11457018
MonoBehaviour:
  m_ObjectHideFlags: 1
  m_PrefabParentObject: {fileID: 0}
  m_PrefabInternal: {fileID: 100100000}
  m_GameObject: {fileID: 191666}
  m_Enabled: 1
  m_EditorHideFlags: 0
  m_Script: {fileID: 11500000, guid: 3d1bc3722abc24872a59b60d729fae8c, type: 3}
  m_Name: 
  m_EditorClassIdentifier: 
  objectUI: {fileID: 0}
  gameSprite: {fileID: 21300000, guid: 89b5e6907fedb4fe9b58f3ffe9f47135, type: 3}
  hudSprite: {fileID: 21300000, guid: 0bfdf6ebd1b474f359d4e8a60de4500d, type: 3}
  shadowSprite: {fileID: 21300000, guid: 36aefd82e4acc43e0b6fd6eb52145b98, type: 3}
--- !u!212 &21267746
SpriteRenderer:
  m_ObjectHideFlags: 1
  m_PrefabParentObject: {fileID: 0}
  m_PrefabInternal: {fileID: 100100000}
  m_GameObject: {fileID: 191666}
  m_Enabled: 1
  m_CastShadows: 0
  m_ReceiveShadows: 0
  m_Materials:
  - {fileID: 10754, guid: 0000000000000000e000000000000000, type: 0}
  m_SubsetIndices: 
  m_StaticBatchRoot: {fileID: 0}
  m_UseLightProbes: 0
  m_ReflectionProbeUsage: 0
  m_ProbeAnchor: {fileID: 0}
  m_ScaleInLightmap: 1
  m_PreserveUVs: 0
  m_IgnoreNormalsForChartDetection: 0
  m_ImportantGI: 0
  m_MinimumChartSize: 4
  m_AutoUVMaxDistance: 0.5
  m_AutoUVMaxAngle: 89
  m_LightmapParameters: {fileID: 0}
  m_SortingLayerID: 0
  m_SortingOrder: 1
  m_Sprite: {fileID: 21300000, guid: 89b5e6907fedb4fe9b58f3ffe9f47135, type: 3}
  m_Color: {r: 1, g: 1, b: 1, a: 1}
  m_FlipX: 0
  m_FlipY: 0
--- !u!1001 &100100000
Prefab:
  m_ObjectHideFlags: 1
  serializedVersion: 2
  m_Modification:
    m_TransformParent: {fileID: 0}
    m_Modifications: []
    m_RemovedComponents: []
  m_ParentPrefab: {fileID: 0}
  m_RootGameObject: {fileID: 191666}
  m_IsPrefabParent: 1
