%YAML 1.1
%TAG !u! tag:unity3d.com,2011:
--- !u!1 &154282
GameObject:
  m_ObjectHideFlags: 0
  m_PrefabParentObject: {fileID: 0}
  m_PrefabInternal: {fileID: 100100000}
  serializedVersion: 4
  m_Component:
  - 4: {fileID: 415844}
  - 114: {fileID: 11476970}
  - 212: {fileID: 21242338}
  - 60: {fileID: 6085806}
  m_Layer: 0
  m_Name: obj_10_23_carrinho
  m_TagString: Untagged
  m_Icon: {fileID: 0}
  m_NavMeshLayer: 0
  m_StaticEditorFlags: 0
  m_IsActive: 1
--- !u!4 &415844
Transform:
  m_ObjectHideFlags: 1
  m_PrefabParentObject: {fileID: 0}
  m_PrefabInternal: {fileID: 100100000}
  m_GameObject: {fileID: 154282}
  m_LocalRotation: {x: 0, y: 0, z: 0, w: 1}
  m_LocalPosition: {x: 0, y: 0, z: 0}
  m_LocalScale: {x: 1, y: 1, z: 1}
  m_LocalEulerAnglesHint: {x: 0, y: 0, z: 0}
  m_Children: []
  m_Father: {fileID: 0}
  m_RootOrder: 0
--- !u!60 &6085806
PolygonCollider2D:
  m_ObjectHideFlags: 1
  m_PrefabParentObject: {fileID: 0}
  m_PrefabInternal: {fileID: 100100000}
  m_GameObject: {fileID: 154282}
  m_Enabled: 1
  m_Density: 1
  m_Material: {fileID: 0}
  m_IsTrigger: 0
  m_UsedByEffector: 0
  m_Offset: {x: 0, y: 0}
  m_Points:
    m_Paths:
    - - {x: 1.66, y: 0.5}
      - {x: 1.5, y: 0.64}
      - {x: 0.76, y: 0.65999997}
      - {x: -1.5799999, y: 0.65999997}
      - {x: -1.9399999, y: 0.52}
      - {x: -1.9399999, y: 0.38}
      - {x: -1.9, y: 0.34}
      - {x: -1.28, y: 0.34}
      - {x: -1.1999999, y: -0.44}
      - {x: -0.97999996, y: -0.65999997}
      - {x: -0.9, y: -0.65999997}
      - {x: -0.7, y: -0.44}
      - {x: -0.7, y: -0.28}
      - {x: 0.19999999, y: -0.28}
      - {x: 0.38, y: -0.45999998}
      - {x: 0.62, y: -0.65999997}
      - {x: 0.97999996, y: -0.65999997}
      - {x: 1.24, y: -0.5}
      - {x: 1.5999999, y: -0.32}
      - {x: 1.66, y: -0.16}
    - - {x: 0.85999995, y: -0.44}
      - {x: 0.88, y: -0.42}
      - {x: 0.91999996, y: -0.48}
      - {x: 0.84, y: -0.5}
    - - {x: 0.64, y: -0.42}
      - {x: 0.64, y: -0.44}
      - {x: 0.7, y: -0.42}
      - {x: 0.68, y: -0.44}
      - {x: 0.65999997, y: -0.44}
    - - {x: 1.02, y: -0.35999998}
      - {x: 1.0799999, y: -0.35999998}
      - {x: 1.06, y: -0.42}
      - {x: 1.06, y: -0.39999998}
--- !u!114 &11476970
MonoBehaviour:
  m_ObjectHideFlags: 1
  m_PrefabParentObject: {fileID: 0}
  m_PrefabInternal: {fileID: 100100000}
  m_GameObject: {fileID: 154282}
  m_Enabled: 1
  m_EditorHideFlags: 0
  m_Script: {fileID: 11500000, guid: 3d1bc3722abc24872a59b60d729fae8c, type: 3}
  m_Name: 
  m_EditorClassIdentifier: 
  objectUI: {fileID: 0}
  gameSprite: {fileID: 21300000, guid: 7ac2ee47fd266432ea1faf5d02742d5b, type: 3}
  hudSprite: {fileID: 21300000, guid: d357403ca4b1e418c84bddb5522ef531, type: 3}
  shadowSprite: {fileID: 21300000, guid: e329ef88ac3b843ddbb94e47c14df12c, type: 3}
--- !u!212 &21242338
SpriteRenderer:
  m_ObjectHideFlags: 1
  m_PrefabParentObject: {fileID: 0}
  m_PrefabInternal: {fileID: 100100000}
  m_GameObject: {fileID: 154282}
  m_Enabled: 1
  m_CastShadows: 0
  m_ReceiveShadows: 0
  m_Materials:
  - {fileID: 10754, guid: 0000000000000000e000000000000000, type: 0}
  m_SubsetIndices: 
  m_StaticBatchRoot: {fileID: 0}
  m_UseLightProbes: 0
  m_ReflectionProbeUsage: 0
  m_ProbeAnchor: {fileID: 0}
  m_ScaleInLightmap: 1
  m_PreserveUVs: 0
  m_IgnoreNormalsForChartDetection: 0
  m_ImportantGI: 0
  m_MinimumChartSize: 4
  m_AutoUVMaxDistance: 0.5
  m_AutoUVMaxAngle: 89
  m_LightmapParameters: {fileID: 0}
  m_SortingLayerID: 0
  m_SortingOrder: 1
  m_Sprite: {fileID: 21300000, guid: 7ac2ee47fd266432ea1faf5d02742d5b, type: 3}
  m_Color: {r: 1, g: 1, b: 1, a: 1}
  m_FlipX: 0
  m_FlipY: 0
--- !u!1001 &100100000
Prefab:
  m_ObjectHideFlags: 1
  serializedVersion: 2
  m_Modification:
    m_TransformParent: {fileID: 0}
    m_Modifications: []
    m_RemovedComponents: []
  m_ParentPrefab: {fileID: 0}
  m_RootGameObject: {fileID: 154282}
  m_IsPrefabParent: 1
