%YAML 1.1
%TAG !u! tag:unity3d.com,2011:
--- !u!1 &169412
GameObject:
  m_ObjectHideFlags: 0
  m_PrefabParentObject: {fileID: 0}
  m_PrefabInternal: {fileID: 100100000}
  serializedVersion: 4
  m_Component:
  - 4: {fileID: 496496}
  - 114: {fileID: 11454908}
  - 212: {fileID: 21220616}
  - 60: {fileID: 6051360}
  m_Layer: 0
  m_Name: obj_09_15_espelho
  m_TagString: Untagged
  m_Icon: {fileID: 0}
  m_NavMeshLayer: 0
  m_StaticEditorFlags: 0
  m_IsActive: 1
--- !u!4 &496496
Transform:
  m_ObjectHideFlags: 1
  m_PrefabParentObject: {fileID: 0}
  m_PrefabInternal: {fileID: 100100000}
  m_GameObject: {fileID: 169412}
  m_LocalRotation: {x: 0, y: 0, z: 0, w: 1}
  m_LocalPosition: {x: 0, y: 0, z: 0}
  m_LocalScale: {x: 1, y: 1, z: 1}
  m_LocalEulerAnglesHint: {x: 0, y: 0, z: 0}
  m_Children: []
  m_Father: {fileID: 0}
  m_RootOrder: 0
--- !u!60 &6051360
PolygonCollider2D:
  m_ObjectHideFlags: 1
  m_PrefabParentObject: {fileID: 0}
  m_PrefabInternal: {fileID: 100100000}
  m_GameObject: {fileID: 169412}
  m_Enabled: 1
  m_Density: 1
  m_Material: {fileID: 0}
  m_IsTrigger: 0
  m_UsedByEffector: 0
  m_Offset: {x: 0, y: 0}
  m_Points:
    m_Paths:
    - - {x: 1.2685547, y: -0.7103906}
      - {x: 1.2178125, y: -0.45667967}
      - {x: 1.4376953, y: -0.4059375}
      - {x: 1.640664, y: -0.32136717}
      - {x: 1.7759765, y: -0.25371093}
      - {x: 1.7759765, y: -0.18605468}
      - {x: 1.5899218, y: 0.15222657}
      - {x: 1.5053515, y: 0.28753906}
      - {x: 1.336211, y: 0.20296875}
      - {x: 1.1670703, y: 0.28753906}
      - {x: 0.7611328, y: 0.55816406}
      - {x: 0.5750781, y: 0.64273435}
      - {x: -0.033828124, y: 0.60890627}
      - {x: -0.20296875, y: 0.6596484}
      - {x: -0.30445313, y: 0.6596484}
      - {x: -0.38902342, y: 0.5919922}
      - {x: -0.8457031, y: 0.118398435}
      - {x: -1.2178125, y: 0.15222657}
      - {x: -1.7252344, y: 0.28753906}
      - {x: -1.8098047, y: 0.15222657}
      - {x: -1.8098047, y: -0.1353125}
      - {x: -1.640664, y: -0.3551953}
      - {x: -1.3192968, y: -0.30445313}
      - {x: -1.1670703, y: -0.21988282}
      - {x: -0.7273047, y: -0.23679687}
      - {x: -0.5919922, y: -0.33828124}
      - {x: -0.06765625, y: -0.7103906}
      - {x: 0.08457031, y: -0.77804685}
      - {x: 0.33828124, y: -0.77804685}
      - {x: 0.811875, y: -0.7103906}
      - {x: 0.8457031, y: -0.77804685}
      - {x: 1.0825, y: -0.77804685}
--- !u!114 &11454908
MonoBehaviour:
  m_ObjectHideFlags: 1
  m_PrefabParentObject: {fileID: 0}
  m_PrefabInternal: {fileID: 100100000}
  m_GameObject: {fileID: 169412}
  m_Enabled: 1
  m_EditorHideFlags: 0
  m_Script: {fileID: 11500000, guid: 3d1bc3722abc24872a59b60d729fae8c, type: 3}
  m_Name: 
  m_EditorClassIdentifier: 
  objectUI: {fileID: 0}
  gameSprite: {fileID: 21300000, guid: 69e9f1437c63648d29036cb81a6b8d9c, type: 3}
  hudSprite: {fileID: 21300000, guid: de78b033721b9486e99cf1f959cdc159, type: 3}
  shadowSprite: {fileID: 21300000, guid: 684494f66631e4563b1648d259334612, type: 3}
--- !u!212 &21220616
SpriteRenderer:
  m_ObjectHideFlags: 1
  m_PrefabParentObject: {fileID: 0}
  m_PrefabInternal: {fileID: 100100000}
  m_GameObject: {fileID: 169412}
  m_Enabled: 1
  m_CastShadows: 0
  m_ReceiveShadows: 0
  m_Materials:
  - {fileID: 10754, guid: 0000000000000000e000000000000000, type: 0}
  m_SubsetIndices: 
  m_StaticBatchRoot: {fileID: 0}
  m_UseLightProbes: 0
  m_ReflectionProbeUsage: 0
  m_ProbeAnchor: {fileID: 0}
  m_ScaleInLightmap: 1
  m_PreserveUVs: 0
  m_IgnoreNormalsForChartDetection: 0
  m_ImportantGI: 0
  m_MinimumChartSize: 4
  m_AutoUVMaxDistance: 0.5
  m_AutoUVMaxAngle: 89
  m_LightmapParameters: {fileID: 0}
  m_SortingLayerID: 0
  m_SortingOrder: 1
  m_Sprite: {fileID: 21300000, guid: 69e9f1437c63648d29036cb81a6b8d9c, type: 3}
  m_Color: {r: 1, g: 1, b: 1, a: 1}
  m_FlipX: 0
  m_FlipY: 0
--- !u!1001 &100100000
Prefab:
  m_ObjectHideFlags: 1
  serializedVersion: 2
  m_Modification:
    m_TransformParent: {fileID: 0}
    m_Modifications: []
    m_RemovedComponents: []
  m_ParentPrefab: {fileID: 0}
  m_RootGameObject: {fileID: 169412}
  m_IsPrefabParent: 1
