%YAML 1.1
%TAG !u! tag:unity3d.com,2011:
--- !u!1 &186432
GameObject:
  m_ObjectHideFlags: 0
  m_PrefabParentObject: {fileID: 0}
  m_PrefabInternal: {fileID: 100100000}
  serializedVersion: 4
  m_Component:
  - 4: {fileID: 445924}
  - 114: {fileID: 11417862}
  - 212: {fileID: 21272794}
  - 60: {fileID: 6059642}
  m_Layer: 0
  m_Name: obj_01_12_uva
  m_TagString: Untagged
  m_Icon: {fileID: 0}
  m_NavMeshLayer: 0
  m_StaticEditorFlags: 0
  m_IsActive: 1
--- !u!4 &445924
Transform:
  m_ObjectHideFlags: 1
  m_PrefabParentObject: {fileID: 0}
  m_PrefabInternal: {fileID: 100100000}
  m_GameObject: {fileID: 186432}
  m_LocalRotation: {x: 0, y: 0, z: 0, w: 1}
  m_LocalPosition: {x: 0, y: 0, z: 0}
  m_LocalScale: {x: 1, y: 1, z: 1}
  m_LocalEulerAnglesHint: {x: 0, y: 0, z: 0}
  m_Children: []
  m_Father: {fileID: 0}
  m_RootOrder: 0
--- !u!60 &6059642
PolygonCollider2D:
  m_ObjectHideFlags: 1
  m_PrefabParentObject: {fileID: 0}
  m_PrefabInternal: {fileID: 100100000}
  m_GameObject: {fileID: 186432}
  m_Enabled: 1
  m_Density: 1
  m_Material: {fileID: 0}
  m_IsTrigger: 0
  m_UsedByEffector: 0
  m_Offset: {x: 0, y: 0}
  m_Points:
    m_Paths:
    - - {x: 0.020859376, y: -0.5840625}
      - {x: 0.12515625, y: -0.5214844}
      - {x: 0.20859376, y: -0.43804687}
      - {x: 0.32332033, y: -0.4276172}
      - {x: 0.49019533, y: -0.38589844}
      - {x: 0.6779297, y: -0.35460937}
      - {x: 0.834375, y: -0.21902344}
      - {x: 0.803086, y: -0.09386719}
      - {x: 0.8552344, y: -0.020859376}
      - {x: 0.90738285, y: 0.13558593}
      - {x: 0.9178125, y: 0.17730469}
      - {x: 0.9178125, y: 0.6257813}
      - {x: 0.8552344, y: 0.6675}
      - {x: 0.70921874, y: 0.6675}
      - {x: 0.6675, y: 0.73007816}
      - {x: 0.636211, y: 0.73007816}
      - {x: 0.5110547, y: 0.70921874}
      - {x: 0.4276172, y: 0.6883594}
      - {x: 0.36503908, y: 0.6883594}
      - {x: 0.21902344, y: 0.7196485}
      - {x: 0.18773438, y: 0.834375}
      - {x: 0.10429688, y: 0.90738285}
      - {x: 0.020859376, y: 0.87609375}
      - {x: -0.073007815, y: 1.0533985}
      - {x: -0.15644532, y: 1.0533985}
      - {x: -0.20859376, y: 1.0325391}
      - {x: -0.3441797, y: 0.9595313}
      - {x: -0.37546876, y: 0.9178125}
      - {x: -0.40675783, y: 0.8448047}
      - {x: -0.47976565, y: 0.82394534}
      - {x: -0.5527735, y: 0.6883594}
      - {x: -0.6257813, y: 0.57363284}
      - {x: -0.5944922, y: 0.46933594}
      - {x: -0.6257813, y: 0.39632815}
      - {x: -0.5944922, y: 0.28160158}
      - {x: -0.43804687, y: 0.09386719}
      - {x: -0.500625, y: -0.073007815}
      - {x: -0.61535156, y: -0.073007815}
      - {x: -0.7196485, y: -0.20859376}
      - {x: -0.73007816, y: -0.39632815}
      - {x: -0.73007816, y: -0.7509375}
      - {x: -0.636211, y: -0.8552344}
      - {x: -0.47976565, y: -0.8552344}
      - {x: -0.4276172, y: -0.8448047}
      - {x: -0.40675783, y: -0.78222656}
      - {x: -0.2503125, y: -0.7196485}
      - {x: -0.09386719, y: -0.6675}
--- !u!114 &11417862
MonoBehaviour:
  m_ObjectHideFlags: 1
  m_PrefabParentObject: {fileID: 0}
  m_PrefabInternal: {fileID: 100100000}
  m_GameObject: {fileID: 186432}
  m_Enabled: 1
  m_EditorHideFlags: 0
  m_Script: {fileID: 11500000, guid: 3d1bc3722abc24872a59b60d729fae8c, type: 3}
  m_Name: 
  m_EditorClassIdentifier: 
  objectUI: {fileID: 0}
  gameSprite: {fileID: 21300000, guid: 3550f2bc0087c49029c4e820872d74ae, type: 3}
  hudSprite: {fileID: 21300000, guid: 2a74b76c6832c4258ab9abde8d4a5853, type: 3}
  shadowSprite: {fileID: 21300000, guid: 90ae1cf0a34234bd9bb1a5cec83befb8, type: 3}
--- !u!212 &21272794
SpriteRenderer:
  m_ObjectHideFlags: 1
  m_PrefabParentObject: {fileID: 0}
  m_PrefabInternal: {fileID: 100100000}
  m_GameObject: {fileID: 186432}
  m_Enabled: 1
  m_CastShadows: 0
  m_ReceiveShadows: 0
  m_Materials:
  - {fileID: 10754, guid: 0000000000000000e000000000000000, type: 0}
  m_SubsetIndices: 
  m_StaticBatchRoot: {fileID: 0}
  m_UseLightProbes: 0
  m_ReflectionProbeUsage: 0
  m_ProbeAnchor: {fileID: 0}
  m_ScaleInLightmap: 1
  m_PreserveUVs: 0
  m_IgnoreNormalsForChartDetection: 0
  m_ImportantGI: 0
  m_MinimumChartSize: 4
  m_AutoUVMaxDistance: 0.5
  m_AutoUVMaxAngle: 89
  m_LightmapParameters: {fileID: 0}
  m_SortingLayerID: 0
  m_SortingOrder: 1
  m_Sprite: {fileID: 21300000, guid: 3550f2bc0087c49029c4e820872d74ae, type: 3}
  m_Color: {r: 1, g: 1, b: 1, a: 1}
  m_FlipX: 0
  m_FlipY: 0
--- !u!1001 &100100000
Prefab:
  m_ObjectHideFlags: 1
  serializedVersion: 2
  m_Modification:
    m_TransformParent: {fileID: 0}
    m_Modifications: []
    m_RemovedComponents: []
  m_ParentPrefab: {fileID: 0}
  m_RootGameObject: {fileID: 186432}
  m_IsPrefabParent: 1
