%YAML 1.1
%TAG !u! tag:unity3d.com,2011:
--- !u!1 &190026
GameObject:
  m_ObjectHideFlags: 0
  m_PrefabParentObject: {fileID: 0}
  m_PrefabInternal: {fileID: 100100000}
  serializedVersion: 4
  m_Component:
  - 4: {fileID: 437474}
  - 114: {fileID: 11436638}
  - 212: {fileID: 21297472}
  - 60: {fileID: 6097168}
  m_Layer: 0
  m_Name: obj_04_40_salame
  m_TagString: Untagged
  m_Icon: {fileID: 0}
  m_NavMeshLayer: 0
  m_StaticEditorFlags: 0
  m_IsActive: 1
--- !u!4 &437474
Transform:
  m_ObjectHideFlags: 1
  m_PrefabParentObject: {fileID: 0}
  m_PrefabInternal: {fileID: 100100000}
  m_GameObject: {fileID: 190026}
  m_LocalRotation: {x: 0, y: 0, z: 0, w: 1}
  m_LocalPosition: {x: 0, y: 0, z: 0}
  m_LocalScale: {x: 1, y: 1, z: 1}
  m_LocalEulerAnglesHint: {x: 0, y: 0, z: 0}
  m_Children: []
  m_Father: {fileID: 0}
  m_RootOrder: 0
--- !u!60 &6097168
PolygonCollider2D:
  m_ObjectHideFlags: 1
  m_PrefabParentObject: {fileID: 0}
  m_PrefabInternal: {fileID: 100100000}
  m_GameObject: {fileID: 190026}
  m_Enabled: 1
  m_Density: 1
  m_Material: {fileID: 0}
  m_IsTrigger: 0
  m_UsedByEffector: 0
  m_Offset: {x: 0, y: 0}
  m_Points:
    m_Paths:
    - - {x: 0.2953125, y: -0.98437494}
      - {x: 0.33222654, y: -0.62753904}
      - {x: 0.33222654, y: -0.3814453}
      - {x: 0.34453124, y: -0.24609374}
      - {x: 0.34453124, y: -0.22148436}
      - {x: 0.3691406, y: -0.024609374}
      - {x: 0.3691406, y: 0.2830078}
      - {x: 0.35683593, y: 0.33222654}
      - {x: 0.33222654, y: 0.7505859}
      - {x: 0.11074218, y: 1.0705078}
      - {x: 0.12304687, y: 1.1566405}
      - {x: 0.061523434, y: 1.218164}
      - {x: 0.07382812, y: 1.5380858}
      - {x: 0.03691406, y: 1.5503906}
      - {x: -0.03691406, y: 1.5503906}
      - {x: -0.049218748, y: 1.5011718}
      - {x: -0.098437496, y: 1.2427734}
      - {x: -0.15996093, y: 1.2058593}
      - {x: -0.23378906, y: 1.1689453}
      - {x: -0.2953125, y: 0.98437494}
      - {x: -0.2707031, y: 0.9474609}
      - {x: -0.22148436, y: 0.91054684}
      - {x: -0.14765625, y: 0.88593745}
      - {x: -0.19687499, y: 0.7751953}
      - {x: -0.24609374, y: 0.6398437}
      - {x: -0.2953125, y: 0.3691406}
      - {x: -0.3076172, y: 0.1845703}
      - {x: -0.2953125, y: -0.5167968}
      - {x: -0.35683593, y: -0.55371094}
      - {x: -0.31992185, y: -0.7505859}
      - {x: -0.35683593, y: -0.88593745}
      - {x: -0.35683593, y: -1.3412108}
      - {x: -0.31992185, y: -1.451953}
      - {x: -0.13535155, y: -1.5749999}
      - {x: -0.024609374, y: -1.5749999}
      - {x: 0.07382812, y: -1.5503906}
      - {x: 0.13535155, y: -1.5257812}
      - {x: 0.19687499, y: -1.4642577}
      - {x: 0.2707031, y: -1.3289062}
--- !u!114 &11436638
MonoBehaviour:
  m_ObjectHideFlags: 1
  m_PrefabParentObject: {fileID: 0}
  m_PrefabInternal: {fileID: 100100000}
  m_GameObject: {fileID: 190026}
  m_Enabled: 1
  m_EditorHideFlags: 0
  m_Script: {fileID: 11500000, guid: 3d1bc3722abc24872a59b60d729fae8c, type: 3}
  m_Name: 
  m_EditorClassIdentifier: 
  objectUI: {fileID: 0}
  gameSprite: {fileID: 21300000, guid: b98ff299a0f7144639bc0875dc2d5944, type: 3}
  hudSprite: {fileID: 21300000, guid: 0884d838019aa4965a3d339b27d71742, type: 3}
  shadowSprite: {fileID: 21300000, guid: 0a8817a7d5d004ac888171ce810e710f, type: 3}
--- !u!212 &21297472
SpriteRenderer:
  m_ObjectHideFlags: 1
  m_PrefabParentObject: {fileID: 0}
  m_PrefabInternal: {fileID: 100100000}
  m_GameObject: {fileID: 190026}
  m_Enabled: 1
  m_CastShadows: 0
  m_ReceiveShadows: 0
  m_Materials:
  - {fileID: 10754, guid: 0000000000000000e000000000000000, type: 0}
  m_SubsetIndices: 
  m_StaticBatchRoot: {fileID: 0}
  m_UseLightProbes: 0
  m_ReflectionProbeUsage: 0
  m_ProbeAnchor: {fileID: 0}
  m_ScaleInLightmap: 1
  m_PreserveUVs: 0
  m_IgnoreNormalsForChartDetection: 0
  m_ImportantGI: 0
  m_MinimumChartSize: 4
  m_AutoUVMaxDistance: 0.5
  m_AutoUVMaxAngle: 89
  m_LightmapParameters: {fileID: 0}
  m_SortingLayerID: 0
  m_SortingOrder: 1
  m_Sprite: {fileID: 21300000, guid: b98ff299a0f7144639bc0875dc2d5944, type: 3}
  m_Color: {r: 1, g: 1, b: 1, a: 1}
  m_FlipX: 0
  m_FlipY: 0
--- !u!1001 &100100000
Prefab:
  m_ObjectHideFlags: 1
  serializedVersion: 2
  m_Modification:
    m_TransformParent: {fileID: 0}
    m_Modifications: []
    m_RemovedComponents: []
  m_ParentPrefab: {fileID: 0}
  m_RootGameObject: {fileID: 190026}
  m_IsPrefabParent: 1
