%YAML 1.1
%TAG !u! tag:unity3d.com,2011:
--- !u!1001 &100100000
Prefab:
  m_ObjectHideFlags: 1
  serializedVersion: 2
  m_Modification:
    m_TransformParent: {fileID: 0}
    m_Modifications: []
    m_RemovedComponents: []
  m_ParentPrefab: {fileID: 0}
  m_RootGameObject: {fileID: 1337209962563130}
  m_IsPrefabParent: 1
--- !u!1 &1337209962563130
GameObject:
  m_ObjectHideFlags: 0
  m_PrefabParentObject: {fileID: 0}
  m_PrefabInternal: {fileID: 100100000}
  serializedVersion: 5
  m_Component:
  - component: {fileID: 4978748246332282}
  - component: {fileID: 114821300188551394}
  - component: {fileID: 212269286095010348}
  - component: {fileID: 60375405216297820}
  m_Layer: 0
  m_Name: obj_20_17_vaso
  m_TagString: Untagged
  m_Icon: {fileID: 0}
  m_NavMeshLayer: 0
  m_StaticEditorFlags: 0
  m_IsActive: 1
--- !u!4 &4978748246332282
Transform:
  m_ObjectHideFlags: 1
  m_PrefabParentObject: {fileID: 0}
  m_PrefabInternal: {fileID: 100100000}
  m_GameObject: {fileID: 1337209962563130}
  m_LocalRotation: {x: 0, y: 0, z: 0, w: 1}
  m_LocalPosition: {x: 0, y: 0, z: 0}
  m_LocalScale: {x: 1, y: 1, z: 1}
  m_Children: []
  m_Father: {fileID: 0}
  m_RootOrder: 0
  m_LocalEulerAnglesHint: {x: 0, y: 0, z: 0}
--- !u!60 &60375405216297820
PolygonCollider2D:
  m_ObjectHideFlags: 1
  m_PrefabParentObject: {fileID: 0}
  m_PrefabInternal: {fileID: 100100000}
  m_GameObject: {fileID: 1337209962563130}
  m_Enabled: 1
  m_Density: 1
  m_Material: {fileID: 0}
  m_IsTrigger: 0
  m_UsedByEffector: 0
  m_Offset: {x: 0, y: 0}
  m_Points:
    m_Paths:
    - - {x: 1.2066016, y: -0.38183594}
      - {x: 1.3135157, y: 0.06109375}
      - {x: 1.2982422, y: 0.38183594}
      - {x: 1.496797, y: 0.6873047}
      - {x: 1.6189845, y: 0.9469531}
      - {x: 1.6189845, y: 1.2829688}
      - {x: 1.4051563, y: 1.5273438}
      - {x: 1.2982422, y: 1.603711}
      - {x: 0.9775, y: 1.6495312}
      - {x: 0.5956641, y: 1.5578907}
      - {x: 0.45820314, y: 1.7258985}
      - {x: 0.35128906, y: 1.7717187}
      - {x: 0.21382813, y: 1.8022656}
      - {x: -0.1985547, y: 1.8022656}
      - {x: -0.42765626, y: 1.7717187}
      - {x: -0.6414844, y: 1.7258985}
      - {x: -0.6873047, y: 1.4051563}
      - {x: -0.9011328, y: 1.6648047}
      - {x: -1.0691407, y: 1.6495312}
      - {x: -1.2829688, y: 1.6342578}
      - {x: -1.5731641, y: 1.496797}
      - {x: -1.710625, y: 1.3746094}
      - {x: -1.8022656, y: 1.1302344}
      - {x: -1.8022656, y: 0.80949223}
      - {x: -1.741172, y: 0.6720313}
      - {x: -1.4509766, y: 0.45820314}
      - {x: -1.3135157, y: 0.4429297}
      - {x: -1.3287891, y: 0.1985547}
      - {x: -1.2982422, y: 0.045820314}
      - {x: -1.2676953, y: -0.1221875}
      - {x: -1.2066016, y: -0.38183594}
      - {x: -1.1760547, y: -0.47347656}
      - {x: -1.0844141, y: -0.7178516}
      - {x: -1.0233203, y: -1.0996876}
      - {x: -1.0538672, y: -1.4204297}
      - {x: -0.9316797, y: -1.5884376}
      - {x: -0.6873047, y: -1.6189845}
      - {x: -0.42765626, y: -1.6342578}
      - {x: 0.61093754, y: -1.6342578}
      - {x: 0.8400391, y: -1.5884376}
      - {x: 1.0233203, y: -1.4509766}
      - {x: 0.9927735, y: -0.9164063}
    - - {x: -1.4357032, y: 0.7483985}
      - {x: -1.5731641, y: 0.96222657}
      - {x: -1.496797, y: 1.1607813}
      - {x: -1.2829688, y: 1.3135157}
      - {x: -0.9927735, y: 1.2524219}
      - {x: -1.0233203, y: 0.9927735}
      - {x: -1.2829688, y: 0.73312503}
    - - {x: 0.8553125, y: 1.0844141}
      - {x: 0.7942188, y: 1.2524219}
      - {x: 0.9775, y: 1.3287891}
      - {x: 1.2524219, y: 1.1455078}
      - {x: 1.1607813, y: 0.8400391}
--- !u!114 &114821300188551394
MonoBehaviour:
  m_ObjectHideFlags: 1
  m_PrefabParentObject: {fileID: 0}
  m_PrefabInternal: {fileID: 100100000}
  m_GameObject: {fileID: 1337209962563130}
  m_Enabled: 1
  m_EditorHideFlags: 0
  m_Script: {fileID: 11500000, guid: 3d1bc3722abc24872a59b60d729fae8c, type: 3}
  m_Name: 
  m_EditorClassIdentifier: 
  objectUI: {fileID: 0}
  gameSprite: {fileID: 21300000, guid: 1eee53fa2cd4d47d2b033e7496e70d76, type: 3}
  hudSprite: {fileID: 21300000, guid: 7c1ec3511f3e64a7188dbbca37866639, type: 3}
  shadowSprite: {fileID: 21300000, guid: 0fe19315649414dc7a3c204a5f60314b, type: 3}
--- !u!212 &212269286095010348
SpriteRenderer:
  m_ObjectHideFlags: 1
  m_PrefabParentObject: {fileID: 0}
  m_PrefabInternal: {fileID: 100100000}
  m_GameObject: {fileID: 1337209962563130}
  m_Enabled: 1
  m_CastShadows: 0
  m_ReceiveShadows: 0
  m_MotionVectors: 1
  m_LightProbeUsage: 0
  m_ReflectionProbeUsage: 0
  m_Materials:
  - {fileID: 10754, guid: 0000000000000000f000000000000000, type: 0}
  m_StaticBatchInfo:
    firstSubMesh: 0
    subMeshCount: 0
  m_StaticBatchRoot: {fileID: 0}
  m_ProbeAnchor: {fileID: 0}
  m_LightProbeVolumeOverride: {fileID: 0}
  m_ScaleInLightmap: 1
  m_PreserveUVs: 0
  m_IgnoreNormalsForChartDetection: 0
  m_ImportantGI: 0
  m_SelectedEditorRenderState: 0
  m_MinimumChartSize: 4
  m_AutoUVMaxDistance: 0.5
  m_AutoUVMaxAngle: 89
  m_LightmapParameters: {fileID: 0}
  m_SortingLayerID: 0
  m_SortingOrder: 1
  m_Sprite: {fileID: 21300000, guid: 1eee53fa2cd4d47d2b033e7496e70d76, type: 3}
  m_Color: {r: 1, g: 1, b: 1, a: 1}
  m_FlipX: 0
  m_FlipY: 0
