%YAML 1.1
%TAG !u! tag:unity3d.com,2011:
--- !u!1 &120320
GameObject:
  m_ObjectHideFlags: 0
  m_PrefabParentObject: {fileID: 0}
  m_PrefabInternal: {fileID: 100100000}
  serializedVersion: 4
  m_Component:
  - 4: {fileID: 476114}
  - 114: {fileID: 11446710}
  - 212: {fileID: 21280372}
  - 60: {fileID: 6064166}
  m_Layer: 0
  m_Name: obj_06_13_cordas
  m_TagString: Untagged
  m_Icon: {fileID: 0}
  m_NavMeshLayer: 0
  m_StaticEditorFlags: 0
  m_IsActive: 1
--- !u!4 &476114
Transform:
  m_ObjectHideFlags: 1
  m_PrefabParentObject: {fileID: 0}
  m_PrefabInternal: {fileID: 100100000}
  m_GameObject: {fileID: 120320}
  m_LocalRotation: {x: 0, y: 0, z: 0, w: 1}
  m_LocalPosition: {x: 0, y: 0, z: 0}
  m_LocalScale: {x: 1, y: 1, z: 1}
  m_LocalEulerAnglesHint: {x: 0, y: 0, z: 0}
  m_Children: []
  m_Father: {fileID: 0}
  m_RootOrder: 0
--- !u!60 &6064166
PolygonCollider2D:
  m_ObjectHideFlags: 1
  m_PrefabParentObject: {fileID: 0}
  m_PrefabInternal: {fileID: 100100000}
  m_GameObject: {fileID: 120320}
  m_Enabled: 1
  m_Density: 1
  m_Material: {fileID: 0}
  m_IsTrigger: 0
  m_UsedByEffector: 0
  m_Offset: {x: 0, y: 0}
  m_Points:
    m_Paths:
    - - {x: 1.14, y: -0.58}
      - {x: 1.1, y: -0.35999998}
      - {x: 1.02, y: 0.19999999}
      - {x: 0.88, y: 0.48}
      - {x: 0.85999995, y: 0.96}
      - {x: 0.78, y: 1.06}
      - {x: 0.48, y: 1.22}
      - {x: 0.39999998, y: 1.3199999}
      - {x: 0.44, y: 1.7199999}
      - {x: 0.35999998, y: 1.92}
      - {x: -0.04, y: 1.92}
      - {x: -0.12, y: 1.86}
      - {x: -0.42, y: 1.54}
      - {x: -0.34, y: 1.16}
      - {x: -0.56, y: 1.06}
      - {x: -0.91999996, y: 0.76}
      - {x: -1.02, y: 0.53999996}
      - {x: -1.04, y: 0.14}
      - {x: -1.22, y: -0.16}
      - {x: -1.14, y: -0.42}
      - {x: -1.36, y: -0.34}
      - {x: -1.38, y: -0.35999998}
      - {x: -1.38, y: -0.5}
      - {x: -1.26, y: -0.62}
      - {x: -1.3199999, y: -0.79999995}
      - {x: -1.16, y: -1.38}
      - {x: -0.96, y: -1.48}
      - {x: -0.53999996, y: -1.68}
      - {x: -0.32, y: -1.74}
      - {x: 0.17999999, y: -1.74}
      - {x: 0.42, y: -1.7199999}
      - {x: 0.94, y: -1.5799999}
      - {x: 1.14, y: -1.38}
    - - {x: 0.06, y: 1.52}
      - {x: 0.04, y: 1.52}
      - {x: 0.04, y: 1.4599999}
      - {x: 0.02, y: 1.4}
      - {x: 0.04, y: 1.4}
--- !u!114 &11446710
MonoBehaviour:
  m_ObjectHideFlags: 1
  m_PrefabParentObject: {fileID: 0}
  m_PrefabInternal: {fileID: 100100000}
  m_GameObject: {fileID: 120320}
  m_Enabled: 1
  m_EditorHideFlags: 0
  m_Script: {fileID: 11500000, guid: 3d1bc3722abc24872a59b60d729fae8c, type: 3}
  m_Name: 
  m_EditorClassIdentifier: 
  objectUI: {fileID: 0}
  gameSprite: {fileID: 21300000, guid: 392eac56f88bb491ebeccf4ff4ab514d, type: 3}
  hudSprite: {fileID: 21300000, guid: 0b84084235cf04466a320344664407fd, type: 3}
  shadowSprite: {fileID: 21300000, guid: 23c85fbb93d494bc888da8894721edb7, type: 3}
--- !u!212 &21280372
SpriteRenderer:
  m_ObjectHideFlags: 1
  m_PrefabParentObject: {fileID: 0}
  m_PrefabInternal: {fileID: 100100000}
  m_GameObject: {fileID: 120320}
  m_Enabled: 1
  m_CastShadows: 0
  m_ReceiveShadows: 0
  m_Materials:
  - {fileID: 10754, guid: 0000000000000000e000000000000000, type: 0}
  m_SubsetIndices: 
  m_StaticBatchRoot: {fileID: 0}
  m_UseLightProbes: 0
  m_ReflectionProbeUsage: 0
  m_ProbeAnchor: {fileID: 0}
  m_ScaleInLightmap: 1
  m_PreserveUVs: 0
  m_IgnoreNormalsForChartDetection: 0
  m_ImportantGI: 0
  m_MinimumChartSize: 4
  m_AutoUVMaxDistance: 0.5
  m_AutoUVMaxAngle: 89
  m_LightmapParameters: {fileID: 0}
  m_SortingLayerID: 0
  m_SortingOrder: 1
  m_Sprite: {fileID: 21300000, guid: 392eac56f88bb491ebeccf4ff4ab514d, type: 3}
  m_Color: {r: 1, g: 1, b: 1, a: 1}
  m_FlipX: 0
  m_FlipY: 0
--- !u!1001 &100100000
Prefab:
  m_ObjectHideFlags: 1
  serializedVersion: 2
  m_Modification:
    m_TransformParent: {fileID: 0}
    m_Modifications: []
    m_RemovedComponents: []
  m_ParentPrefab: {fileID: 0}
  m_RootGameObject: {fileID: 120320}
  m_IsPrefabParent: 1
