%YAML 1.1
%TAG !u! tag:unity3d.com,2011:
--- !u!1001 &100100000
Prefab:
  m_ObjectHideFlags: 1
  serializedVersion: 2
  m_Modification:
    m_TransformParent: {fileID: 0}
    m_Modifications: []
    m_RemovedComponents: []
  m_ParentPrefab: {fileID: 0}
  m_RootGameObject: {fileID: 1875828357165972}
  m_IsPrefabParent: 1
--- !u!1 &1875828357165972
GameObject:
  m_ObjectHideFlags: 0
  m_PrefabParentObject: {fileID: 0}
  m_PrefabInternal: {fileID: 100100000}
  serializedVersion: 5
  m_Component:
  - component: {fileID: 4143509862649690}
  - component: {fileID: 114853898375798794}
  - component: {fileID: 212713757457644286}
  - component: {fileID: 60279306666689602}
  m_Layer: 0
  m_Name: obj_18_01_maquina1
  m_TagString: Untagged
  m_Icon: {fileID: 0}
  m_NavMeshLayer: 0
  m_StaticEditorFlags: 0
  m_IsActive: 1
--- !u!4 &4143509862649690
Transform:
  m_ObjectHideFlags: 1
  m_PrefabParentObject: {fileID: 0}
  m_PrefabInternal: {fileID: 100100000}
  m_GameObject: {fileID: 1875828357165972}
  m_LocalRotation: {x: 0, y: 0, z: 0, w: 1}
  m_LocalPosition: {x: 0, y: 0, z: 0}
  m_LocalScale: {x: 1, y: 1, z: 1}
  m_Children: []
  m_Father: {fileID: 0}
  m_RootOrder: 0
  m_LocalEulerAnglesHint: {x: 0, y: 0, z: 0}
--- !u!60 &60279306666689602
PolygonCollider2D:
  m_ObjectHideFlags: 1
  m_PrefabParentObject: {fileID: 0}
  m_PrefabInternal: {fileID: 100100000}
  m_GameObject: {fileID: 1875828357165972}
  m_Enabled: 1
  m_Density: 1
  m_Material: {fileID: 0}
  m_IsTrigger: 0
  m_UsedByEffector: 0
  m_Offset: {x: 0, y: 0}
  m_Points:
    m_Paths:
    - - {x: 0.75035155, y: -1.1979296}
      - {x: 0.6976953, y: -1.0136328}
      - {x: 0.56605464, y: -0.75035155}
      - {x: 0.39492187, y: -0.5923828}
      - {x: 0.210625, y: -0.46074218}
      - {x: 0.30277342, y: -0.3422656}
      - {x: 0.30277342, y: -0.26328123}
      - {x: 0.23695311, y: -0.19746093}
      - {x: 0.2764453, y: -0.1053125}
      - {x: 0.2764453, y: 0}
      - {x: 0.210625, y: 0.25011718}
      - {x: 0.15796874, y: 0.4475781}
      - {x: 0.42125, y: 0.77667964}
      - {x: 0.71085936, y: 0.8030078}
      - {x: 0.75035155, y: 0.8951562}
      - {x: 0.75035155, y: 0.9346484}
      - {x: 0.7240234, y: 0.96097654}
      - {x: 0.47390622, y: 0.96097654}
      - {x: 0.6582031, y: 1.0267968}
      - {x: 0.6976953, y: 1.1321093}
      - {x: 0.67136717, y: 1.1584375}
      - {x: 0.46074218, y: 1.1452734}
      - {x: 0.25011718, y: 1.3953906}
      - {x: 0.14480469, y: 1.6191796}
      - {x: 0.1053125, y: 1.6323436}
      - {x: 0.05265625, y: 1.6323436}
      - {x: -0.07898437, y: 1.487539}
      - {x: -0.13164061, y: 1.6323436}
      - {x: -0.1711328, y: 1.6323436}
      - {x: -0.19746093, y: 1.6060156}
      - {x: -0.32910156, y: 1.3427343}
      - {x: -0.46074218, y: 1.1584375}
      - {x: -0.50023437, y: 1.0267968}
      - {x: -0.67136717, y: 1.0531249}
      - {x: -0.7635156, y: 0.96097654}
      - {x: -0.7635156, y: 0.7635156}
      - {x: -0.75035155, y: 0.7371875}
      - {x: -0.43441406, y: 0.7371875}
      - {x: -0.30277342, y: 0.645039}
      - {x: -0.210625, y: 0.36859375}
      - {x: -0.25011718, y: 0.22378905}
      - {x: -0.26328123, y: 0.13164061}
      - {x: -0.25011718, y: 0.09214844}
      - {x: -0.32910156, y: -0.026328124}
      - {x: -0.23695311, y: -0.18429688}
      - {x: -0.3159375, y: -0.2764453}
      - {x: -0.3159375, y: -0.3422656}
      - {x: -0.26328123, y: -0.39492187}
      - {x: -0.5923828, y: -0.77667964}
      - {x: -0.75035155, y: -1.0794531}
      - {x: -0.7635156, y: -1.1716015}
      - {x: -0.7635156, y: -1.4085547}
      - {x: -0.7240234, y: -1.5665234}
      - {x: -0.67136717, y: -1.6060156}
      - {x: -0.4080859, y: -1.6455078}
      - {x: 0.14480469, y: -1.6455078}
      - {x: 0.39492187, y: -1.6323436}
      - {x: 0.61871094, y: -1.5928515}
      - {x: 0.7371875, y: -1.5270312}
      - {x: 0.75035155, y: -1.4612108}
    - - {x: -0.5133984, y: -1.3953906}
      - {x: -0.5133984, y: -1.3558984}
      - {x: -0.39492187, y: -1.3690624}
      - {x: -0.3422656, y: -1.4217187}
      - {x: -0.28960937, y: -1.4217187}
      - {x: -0.52656245, y: -1.4217187}
    - - {x: 0.3422656, y: -1.3690624}
      - {x: 0.3817578, y: -1.1321093}
      - {x: 0.47390622, y: -1.3690624}
      - {x: 0.2764453, y: -1.4085547}
--- !u!114 &114853898375798794
MonoBehaviour:
  m_ObjectHideFlags: 1
  m_PrefabParentObject: {fileID: 0}
  m_PrefabInternal: {fileID: 100100000}
  m_GameObject: {fileID: 1875828357165972}
  m_Enabled: 1
  m_EditorHideFlags: 0
  m_Script: {fileID: 11500000, guid: 3d1bc3722abc24872a59b60d729fae8c, type: 3}
  m_Name: 
  m_EditorClassIdentifier: 
  objectUI: {fileID: 0}
  gameSprite: {fileID: 21300000, guid: eecb3dc3ba9464559bef3d888441e2bf, type: 3}
  hudSprite: {fileID: 21300000, guid: f7ba01ba6e16a40fdb7e4df432067d56, type: 3}
  shadowSprite: {fileID: 21300000, guid: 168ea5b28fbe14daeb86313828ab58b6, type: 3}
--- !u!212 &212713757457644286
SpriteRenderer:
  m_ObjectHideFlags: 1
  m_PrefabParentObject: {fileID: 0}
  m_PrefabInternal: {fileID: 100100000}
  m_GameObject: {fileID: 1875828357165972}
  m_Enabled: 1
  m_CastShadows: 0
  m_ReceiveShadows: 0
  m_MotionVectors: 1
  m_LightProbeUsage: 0
  m_ReflectionProbeUsage: 0
  m_Materials:
  - {fileID: 10754, guid: 0000000000000000f000000000000000, type: 0}
  m_StaticBatchInfo:
    firstSubMesh: 0
    subMeshCount: 0
  m_StaticBatchRoot: {fileID: 0}
  m_ProbeAnchor: {fileID: 0}
  m_LightProbeVolumeOverride: {fileID: 0}
  m_ScaleInLightmap: 1
  m_PreserveUVs: 0
  m_IgnoreNormalsForChartDetection: 0
  m_ImportantGI: 0
  m_SelectedEditorRenderState: 0
  m_MinimumChartSize: 4
  m_AutoUVMaxDistance: 0.5
  m_AutoUVMaxAngle: 89
  m_LightmapParameters: {fileID: 0}
  m_SortingLayerID: 0
  m_SortingOrder: 1
  m_Sprite: {fileID: 21300000, guid: eecb3dc3ba9464559bef3d888441e2bf, type: 3}
  m_Color: {r: 1, g: 1, b: 1, a: 1}
  m_FlipX: 0
  m_FlipY: 0
