%YAML 1.1
%TAG !u! tag:unity3d.com,2011:
--- !u!1001 &100100000
Prefab:
  m_ObjectHideFlags: 1
  serializedVersion: 2
  m_Modification:
    m_TransformParent: {fileID: 0}
    m_Modifications: []
    m_RemovedComponents: []
  m_ParentPrefab: {fileID: 0}
  m_RootGameObject: {fileID: 1000012680561508}
  m_IsPrefabParent: 1
--- !u!1 &1000012680561508
GameObject:
  m_ObjectHideFlags: 0
  m_PrefabParentObject: {fileID: 0}
  m_PrefabInternal: {fileID: 100100000}
  serializedVersion: 4
  m_Component:
  - 4: {fileID: 4000011442452432}
  - 114: {fileID: 114000011062462216}
  - 212: {fileID: 212000012951055022}
  - 60: {fileID: 60000013868716720}
  m_Layer: 0
  m_Name: obj_11_08_cesto
  m_TagString: Untagged
  m_Icon: {fileID: 0}
  m_NavMeshLayer: 0
  m_StaticEditorFlags: 0
  m_IsActive: 1
--- !u!4 &4000011442452432
Transform:
  m_ObjectHideFlags: 1
  m_PrefabParentObject: {fileID: 0}
  m_PrefabInternal: {fileID: 100100000}
  m_GameObject: {fileID: 1000012680561508}
  m_LocalRotation: {x: 0, y: 0, z: 0, w: 1}
  m_LocalPosition: {x: 0, y: 0, z: 0}
  m_LocalScale: {x: 1, y: 1, z: 1}
  m_LocalEulerAnglesHint: {x: 0, y: 0, z: 0}
  m_Children: []
  m_Father: {fileID: 0}
  m_RootOrder: 0
--- !u!60 &60000013868716720
PolygonCollider2D:
  m_ObjectHideFlags: 1
  m_PrefabParentObject: {fileID: 0}
  m_PrefabInternal: {fileID: 100100000}
  m_GameObject: {fileID: 1000012680561508}
  m_Enabled: 1
  m_Density: 1
  m_Material: {fileID: 0}
  m_IsTrigger: 0
  m_UsedByEffector: 0
  m_Offset: {x: 0, y: 0}
  m_Points:
    m_Paths:
    - - {x: 0.82, y: -0.29999998}
      - {x: 0.85999995, y: 0.48}
      - {x: 0.91999996, y: 0.53999996}
      - {x: 0.91999996, y: 1.0799999}
      - {x: 0.71999997, y: 1.22}
      - {x: 0.29999998, y: 1.3}
      - {x: -0.26, y: 1.3}
      - {x: -0.68, y: 1.1999999}
      - {x: -0.94, y: 1}
      - {x: -0.94, y: 0.52}
      - {x: -0.88, y: 0.44}
      - {x: -0.78, y: -0.48}
      - {x: -0.84, y: -1.02}
      - {x: -0.52, y: -1.1999999}
      - {x: -0.39999998, y: -1.22}
      - {x: 0.08, y: -1.22}
      - {x: 0.48, y: -1.16}
      - {x: 0.7, y: -1.02}
      - {x: 0.79999995, y: -0.91999996}
      - {x: 0.82, y: -0.84}
--- !u!114 &114000011062462216
MonoBehaviour:
  m_ObjectHideFlags: 1
  m_PrefabParentObject: {fileID: 0}
  m_PrefabInternal: {fileID: 100100000}
  m_GameObject: {fileID: 1000012680561508}
  m_Enabled: 1
  m_EditorHideFlags: 0
  m_Script: {fileID: 11500000, guid: 3d1bc3722abc24872a59b60d729fae8c, type: 3}
  m_Name: 
  m_EditorClassIdentifier: 
  objectUI: {fileID: 0}
  gameSprite: {fileID: 21300000, guid: bfa032d3d96ce46a587c5c9ff7887c9b, type: 3}
  hudSprite: {fileID: 21300000, guid: ded138252ee114cc59911636f779cb74, type: 3}
  shadowSprite: {fileID: 21300000, guid: b51aaad2a64314013b4adf559aca8669, type: 3}
--- !u!212 &212000012951055022
SpriteRenderer:
  m_ObjectHideFlags: 1
  m_PrefabParentObject: {fileID: 0}
  m_PrefabInternal: {fileID: 100100000}
  m_GameObject: {fileID: 1000012680561508}
  m_Enabled: 1
  m_CastShadows: 0
  m_ReceiveShadows: 0
  m_MotionVectors: 1
  m_LightProbeUsage: 0
  m_ReflectionProbeUsage: 0
  m_Materials:
  - {fileID: 10754, guid: 0000000000000000f000000000000000, type: 0}
  m_SubsetIndices: 
  m_StaticBatchRoot: {fileID: 0}
  m_ProbeAnchor: {fileID: 0}
  m_LightProbeVolumeOverride: {fileID: 0}
  m_ScaleInLightmap: 1
  m_PreserveUVs: 0
  m_IgnoreNormalsForChartDetection: 0
  m_ImportantGI: 0
  m_SelectedWireframeHidden: 1
  m_MinimumChartSize: 4
  m_AutoUVMaxDistance: 0.5
  m_AutoUVMaxAngle: 89
  m_LightmapParameters: {fileID: 0}
  m_SortingLayerID: 0
  m_SortingOrder: 1
  m_Sprite: {fileID: 21300000, guid: bfa032d3d96ce46a587c5c9ff7887c9b, type: 3}
  m_Color: {r: 1, g: 1, b: 1, a: 1}
  m_FlipX: 0
  m_FlipY: 0
