%YAML 1.1
%TAG !u! tag:unity3d.com,2011:
--- !u!1 &167106
GameObject:
  m_ObjectHideFlags: 0
  m_PrefabParentObject: {fileID: 0}
  m_PrefabInternal: {fileID: 100100000}
  serializedVersion: 4
  m_Component:
  - 4: {fileID: 460008}
  - 114: {fileID: 11436968}
  - 212: {fileID: 21288600}
  - 60: {fileID: 6070452}
  m_Layer: 0
  m_Name: obj_08_17_pires
  m_TagString: Untagged
  m_Icon: {fileID: 0}
  m_NavMeshLayer: 0
  m_StaticEditorFlags: 0
  m_IsActive: 1
--- !u!4 &460008
Transform:
  m_ObjectHideFlags: 1
  m_PrefabParentObject: {fileID: 0}
  m_PrefabInternal: {fileID: 100100000}
  m_GameObject: {fileID: 167106}
  m_LocalRotation: {x: 0, y: 0, z: 0, w: 1}
  m_LocalPosition: {x: 0, y: 0, z: 0}
  m_LocalScale: {x: 1, y: 1, z: 1}
  m_LocalEulerAnglesHint: {x: 0, y: 0, z: 0}
  m_Children: []
  m_Father: {fileID: 0}
  m_RootOrder: 0
--- !u!60 &6070452
PolygonCollider2D:
  m_ObjectHideFlags: 1
  m_PrefabParentObject: {fileID: 0}
  m_PrefabInternal: {fileID: 100100000}
  m_GameObject: {fileID: 167106}
  m_Enabled: 1
  m_Density: 1
  m_Material: {fileID: 0}
  m_IsTrigger: 0
  m_UsedByEffector: 0
  m_Offset: {x: 0, y: 0}
  m_Points:
    m_Paths:
    - - {x: 1.0796484, y: 0.05203125}
      - {x: 1.0796484, y: 0.35121092}
      - {x: 0.97558594, y: 0.4292578}
      - {x: 0.8325, y: 0.48128906}
      - {x: 0.7284375, y: 0.50730467}
      - {x: 0.19511718, y: 0.55933595}
      - {x: -0.48128906, y: 0.55933595}
      - {x: -0.7284375, y: 0.5203125}
      - {x: -1.0146093, y: 0.3251953}
      - {x: -1.0146093, y: 0.039023437}
      - {x: -0.92355466, y: -0.23414062}
      - {x: -0.7544531, y: -0.41625}
      - {x: -0.4292578, y: -0.59835935}
      - {x: 0.26015624, y: -0.59835935}
      - {x: 0.61136717, y: -0.5333203}
      - {x: 0.7284375, y: -0.44226563}
      - {x: 1.0016016, y: -0.19511718}
--- !u!114 &11436968
MonoBehaviour:
  m_ObjectHideFlags: 1
  m_PrefabParentObject: {fileID: 0}
  m_PrefabInternal: {fileID: 100100000}
  m_GameObject: {fileID: 167106}
  m_Enabled: 1
  m_EditorHideFlags: 0
  m_Script: {fileID: 11500000, guid: 3d1bc3722abc24872a59b60d729fae8c, type: 3}
  m_Name: 
  m_EditorClassIdentifier: 
  objectUI: {fileID: 0}
  gameSprite: {fileID: 21300000, guid: 02581e594f85541d5844a17afe17fa02, type: 3}
  hudSprite: {fileID: 21300000, guid: c0237a8308a9b4fe0ad4ce2a38fb092f, type: 3}
  shadowSprite: {fileID: 21300000, guid: 6ab35ba58194a4fa0aaf60b59abac533, type: 3}
--- !u!212 &21288600
SpriteRenderer:
  m_ObjectHideFlags: 1
  m_PrefabParentObject: {fileID: 0}
  m_PrefabInternal: {fileID: 100100000}
  m_GameObject: {fileID: 167106}
  m_Enabled: 1
  m_CastShadows: 0
  m_ReceiveShadows: 0
  m_Materials:
  - {fileID: 10754, guid: 0000000000000000e000000000000000, type: 0}
  m_SubsetIndices: 
  m_StaticBatchRoot: {fileID: 0}
  m_UseLightProbes: 0
  m_ReflectionProbeUsage: 0
  m_ProbeAnchor: {fileID: 0}
  m_ScaleInLightmap: 1
  m_PreserveUVs: 0
  m_IgnoreNormalsForChartDetection: 0
  m_ImportantGI: 0
  m_MinimumChartSize: 4
  m_AutoUVMaxDistance: 0.5
  m_AutoUVMaxAngle: 89
  m_LightmapParameters: {fileID: 0}
  m_SortingLayerID: 0
  m_SortingOrder: 1
  m_Sprite: {fileID: 21300000, guid: 02581e594f85541d5844a17afe17fa02, type: 3}
  m_Color: {r: 1, g: 1, b: 1, a: 1}
  m_FlipX: 0
  m_FlipY: 0
--- !u!1001 &100100000
Prefab:
  m_ObjectHideFlags: 1
  serializedVersion: 2
  m_Modification:
    m_TransformParent: {fileID: 0}
    m_Modifications: []
    m_RemovedComponents: []
  m_ParentPrefab: {fileID: 0}
  m_RootGameObject: {fileID: 167106}
  m_IsPrefabParent: 1
