%YAML 1.1
%TAG !u! tag:unity3d.com,2011:
--- !u!1001 &100100000
Prefab:
  m_ObjectHideFlags: 1
  serializedVersion: 2
  m_Modification:
    m_TransformParent: {fileID: 0}
    m_Modifications: []
    m_RemovedComponents: []
  m_ParentPrefab: {fileID: 0}
  m_RootGameObject: {fileID: 1000010940841936}
  m_IsPrefabParent: 1
--- !u!1 &1000010940841936
GameObject:
  m_ObjectHideFlags: 0
  m_PrefabParentObject: {fileID: 0}
  m_PrefabInternal: {fileID: 100100000}
  serializedVersion: 4
  m_Component:
  - 4: {fileID: 4000011969048304}
  - 114: {fileID: 114000011650992790}
  - 212: {fileID: 212000013031114910}
  - 60: {fileID: 60000013777989638}
  m_Layer: 0
  m_Name: obj_11_14_bolo
  m_TagString: Untagged
  m_Icon: {fileID: 0}
  m_NavMeshLayer: 0
  m_StaticEditorFlags: 0
  m_IsActive: 1
--- !u!4 &4000011969048304
Transform:
  m_ObjectHideFlags: 1
  m_PrefabParentObject: {fileID: 0}
  m_PrefabInternal: {fileID: 100100000}
  m_GameObject: {fileID: 1000010940841936}
  m_LocalRotation: {x: 0, y: 0, z: 0, w: 1}
  m_LocalPosition: {x: 0, y: 0, z: 0}
  m_LocalScale: {x: 1, y: 1, z: 1}
  m_LocalEulerAnglesHint: {x: 0, y: 0, z: 0}
  m_Children: []
  m_Father: {fileID: 0}
  m_RootOrder: 0
--- !u!60 &60000013777989638
PolygonCollider2D:
  m_ObjectHideFlags: 1
  m_PrefabParentObject: {fileID: 0}
  m_PrefabInternal: {fileID: 100100000}
  m_GameObject: {fileID: 1000010940841936}
  m_Enabled: 1
  m_Density: 1
  m_Material: {fileID: 0}
  m_IsTrigger: 0
  m_UsedByEffector: 0
  m_Offset: {x: 0, y: 0}
  m_Points:
    m_Paths:
    - - {x: 1.16, y: -1.8399999}
      - {x: 0.9, y: -1.78}
      - {x: 0.35999998, y: -1.52}
      - {x: 0.42, y: -1.16}
      - {x: 0.45999998, y: -0.97999996}
      - {x: 0.96, y: -0.9}
      - {x: 1.26, y: -0.82}
      - {x: 1.5799999, y: -0.68}
      - {x: 1.68, y: -0.59999996}
      - {x: 1.68, y: -0.16}
      - {x: 1.36, y: 0.06}
      - {x: 1.36, y: 0.44}
      - {x: 1.3, y: 0.65999997}
      - {x: 1.04, y: 0.9}
      - {x: 0.76, y: 1.0799999}
      - {x: 0.53999996, y: 1.52}
      - {x: 0.39999998, y: 1.9599999}
      - {x: 0.12, y: 2.3}
      - {x: -0.02, y: 2.3799999}
      - {x: -0.12, y: 2.3799999}
      - {x: -0.32, y: 2.12}
      - {x: -0.35999998, y: 2}
      - {x: -0.48, y: 1.52}
      - {x: -0.52, y: 1.18}
      - {x: -0.68, y: 1.16}
      - {x: -1, y: 0.94}
      - {x: -1.24, y: 0.71999997}
      - {x: -1.36, y: 0.45999998}
      - {x: -1.36, y: -0.06}
      - {x: -1.68, y: -0.26}
      - {x: -1.7199999, y: -0.35999998}
      - {x: -1.7199999, y: -0.64}
      - {x: -1.64, y: -0.74}
      - {x: -1.4599999, y: -0.84}
      - {x: -0.94, y: -0.96}
      - {x: -0.64, y: -0.97999996}
      - {x: -0.32, y: -1.1}
      - {x: -0.44, y: -1.18}
      - {x: -0.45999998, y: -1.62}
      - {x: -1.16, y: -1.9599999}
      - {x: -1.14, y: -2.08}
      - {x: -0.96, y: -2.2}
      - {x: -0.39999998, y: -2.28}
      - {x: 0.45999998, y: -2.28}
      - {x: 0.85999995, y: -2.18}
      - {x: 1.06, y: -2.1}
      - {x: 1.22, y: -2}
--- !u!114 &114000011650992790
MonoBehaviour:
  m_ObjectHideFlags: 1
  m_PrefabParentObject: {fileID: 0}
  m_PrefabInternal: {fileID: 100100000}
  m_GameObject: {fileID: 1000010940841936}
  m_Enabled: 1
  m_EditorHideFlags: 0
  m_Script: {fileID: 11500000, guid: 3d1bc3722abc24872a59b60d729fae8c, type: 3}
  m_Name: 
  m_EditorClassIdentifier: 
  objectUI: {fileID: 0}
  gameSprite: {fileID: 21300000, guid: 203f5da54821f47ccb6e7d86f27fc293, type: 3}
  hudSprite: {fileID: 21300000, guid: 91bb1b581a75b472abb763e734983565, type: 3}
  shadowSprite: {fileID: 21300000, guid: 27376baadd0244d13bc62c22d15afa1c, type: 3}
--- !u!212 &212000013031114910
SpriteRenderer:
  m_ObjectHideFlags: 1
  m_PrefabParentObject: {fileID: 0}
  m_PrefabInternal: {fileID: 100100000}
  m_GameObject: {fileID: 1000010940841936}
  m_Enabled: 1
  m_CastShadows: 0
  m_ReceiveShadows: 0
  m_MotionVectors: 1
  m_LightProbeUsage: 0
  m_ReflectionProbeUsage: 0
  m_Materials:
  - {fileID: 10754, guid: 0000000000000000f000000000000000, type: 0}
  m_SubsetIndices: 
  m_StaticBatchRoot: {fileID: 0}
  m_ProbeAnchor: {fileID: 0}
  m_LightProbeVolumeOverride: {fileID: 0}
  m_ScaleInLightmap: 1
  m_PreserveUVs: 0
  m_IgnoreNormalsForChartDetection: 0
  m_ImportantGI: 0
  m_SelectedWireframeHidden: 1
  m_MinimumChartSize: 4
  m_AutoUVMaxDistance: 0.5
  m_AutoUVMaxAngle: 89
  m_LightmapParameters: {fileID: 0}
  m_SortingLayerID: 0
  m_SortingOrder: 1
  m_Sprite: {fileID: 21300000, guid: 203f5da54821f47ccb6e7d86f27fc293, type: 3}
  m_Color: {r: 1, g: 1, b: 1, a: 1}
  m_FlipX: 0
  m_FlipY: 0
