%YAML 1.1
%TAG !u! tag:unity3d.com,2011:
--- !u!1001 &100100000
Prefab:
  m_ObjectHideFlags: 1
  serializedVersion: 2
  m_Modification:
    m_TransformParent: {fileID: 0}
    m_Modifications: []
    m_RemovedComponents: []
  m_ParentPrefab: {fileID: 0}
  m_RootGameObject: {fileID: 1109363651432438}
  m_IsPrefabParent: 1
--- !u!1 &1109363651432438
GameObject:
  m_ObjectHideFlags: 0
  m_PrefabParentObject: {fileID: 0}
  m_PrefabInternal: {fileID: 100100000}
  serializedVersion: 5
  m_Component:
  - component: {fileID: 4345537131047164}
  - component: {fileID: 114842774165213834}
  - component: {fileID: 212244606740497782}
  - component: {fileID: 60697782437148344}
  m_Layer: 0
  m_Name: obj_17_06_buque
  m_TagString: Untagged
  m_Icon: {fileID: 0}
  m_NavMeshLayer: 0
  m_StaticEditorFlags: 0
  m_IsActive: 1
--- !u!4 &4345537131047164
Transform:
  m_ObjectHideFlags: 1
  m_PrefabParentObject: {fileID: 0}
  m_PrefabInternal: {fileID: 100100000}
  m_GameObject: {fileID: 1109363651432438}
  m_LocalRotation: {x: 0, y: 0, z: 0, w: 1}
  m_LocalPosition: {x: 0, y: 0, z: 0}
  m_LocalScale: {x: 1, y: 1, z: 1}
  m_Children: []
  m_Father: {fileID: 0}
  m_RootOrder: 0
  m_LocalEulerAnglesHint: {x: 0, y: 0, z: 0}
--- !u!60 &60697782437148344
PolygonCollider2D:
  m_ObjectHideFlags: 1
  m_PrefabParentObject: {fileID: 0}
  m_PrefabInternal: {fileID: 100100000}
  m_GameObject: {fileID: 1109363651432438}
  m_Enabled: 1
  m_Density: 1
  m_Material: {fileID: 0}
  m_IsTrigger: 0
  m_UsedByEffector: 0
  m_Offset: {x: 0, y: 0}
  m_Points:
    m_Paths:
    - - {x: -0.52, y: -1.06}
      - {x: -0.38, y: -1.14}
      - {x: -0.34, y: -1.14}
      - {x: 0, y: -0.9}
      - {x: 0.22, y: -0.76}
      - {x: 0.38, y: -0.59999996}
      - {x: 0.58, y: -0.62}
      - {x: 0.52, y: -0.96}
      - {x: 0.59999996, y: -1.04}
      - {x: 1.12, y: -1.1}
      - {x: 1.1999999, y: -0.94}
      - {x: 1.3199999, y: -1.14}
      - {x: 1.38, y: -1.12}
      - {x: 1.54, y: -1.12}
      - {x: 1.76, y: -1.1}
      - {x: 2.08, y: -1.1}
      - {x: 2.3, y: -0.94}
      - {x: 2.3, y: -0.71999997}
      - {x: 2.1, y: -0.59999996}
      - {x: 2.12, y: -0.42}
      - {x: 2, y: -0.35999998}
      - {x: 1.54, y: -0.39999998}
      - {x: 1.56, y: -0.32}
      - {x: 1.56, y: -0.22}
      - {x: 1.4399999, y: 0.06}
      - {x: 1.16, y: 0.16}
      - {x: 0.82, y: 0.12}
      - {x: 0.7, y: 0.58}
      - {x: 1.0799999, y: 0.91999996}
      - {x: 1.12, y: 1.36}
      - {x: 1.14, y: 1.8399999}
      - {x: 1.14, y: 2.32}
      - {x: 1.04, y: 2.44}
      - {x: 0.88, y: 2.46}
      - {x: 0.71999997, y: 2.46}
      - {x: 0.45999998, y: 2.26}
      - {x: 0.38, y: 2.1}
      - {x: 0.34, y: 1.9799999}
      - {x: 0.34, y: 1.92}
      - {x: 0.34, y: 2.2}
      - {x: 0.32, y: 2.28}
      - {x: 0.28, y: 2.3999999}
      - {x: 0.17999999, y: 2.46}
      - {x: -0.22, y: 2.46}
      - {x: -0.44, y: 2.26}
      - {x: -0.44, y: 2.02}
      - {x: -0.58, y: 1.8}
      - {x: -0.76, y: 1.74}
      - {x: -0.82, y: 1.64}
      - {x: -0.79999995, y: 1.4599999}
      - {x: -1.22, y: 1.68}
      - {x: -1.3399999, y: 1.8199999}
      - {x: -1.4399999, y: 1.78}
      - {x: -1.68, y: 1.42}
      - {x: -1.6999999, y: 1.3399999}
      - {x: -1.56, y: 1.1}
      - {x: -1.78, y: 0.79999995}
      - {x: -1.8399999, y: 0.74}
      - {x: -2.1, y: 0.56}
      - {x: -2.18, y: 0.35999998}
      - {x: -2.2, y: 0.22}
      - {x: -2.2, y: 0.04}
      - {x: -2.1, y: -0.08}
      - {x: -1.66, y: -0.22}
      - {x: -1.48, y: -0.19999999}
      - {x: -1.92, y: -0.62}
      - {x: -2.1599998, y: -0.76}
      - {x: -2.18, y: -0.84}
      - {x: -2.06, y: -0.97999996}
      - {x: -1.9599999, y: -1.26}
      - {x: -1.8399999, y: -1.3}
      - {x: -1.4, y: -1.1}
      - {x: -1.3199999, y: -1.12}
      - {x: -1.4, y: -1.3199999}
      - {x: -1.4399999, y: -1.5999999}
      - {x: -1.4599999, y: -1.8}
      - {x: -1.26, y: -2.02}
      - {x: -1.0799999, y: -2.02}
      - {x: -0.97999996, y: -1.9799999}
      - {x: -0.64, y: -1.68}
      - {x: -0.56, y: -1.56}
      - {x: -0.48, y: -1.1999999}
    - - {x: -0.65999997, y: 0.22}
      - {x: -0.71999997, y: 0.24}
      - {x: -0.76, y: 0.28}
      - {x: -0.59999996, y: 0.14}
      - {x: -0.52, y: 0.099999994}
      - {x: -0.52, y: 0.14}
    - - {x: -0.79999995, y: 0.85999995}
      - {x: -0.76, y: 0.9}
      - {x: -0.68, y: 0.85999995}
      - {x: -0.74, y: 0.82}
    - - {x: 0.34, y: 1}
      - {x: 0.14, y: 1.14}
      - {x: 0.099999994, y: 1.1}
      - {x: 0.04, y: 1.0799999}
      - {x: 0.28, y: 0.88}
    - - {x: -0.65999997, y: 1.06}
      - {x: -0.64, y: 1.16}
      - {x: -0.56, y: 1.06}
      - {x: -0.59999996, y: 1.02}
--- !u!114 &114842774165213834
MonoBehaviour:
  m_ObjectHideFlags: 1
  m_PrefabParentObject: {fileID: 0}
  m_PrefabInternal: {fileID: 100100000}
  m_GameObject: {fileID: 1109363651432438}
  m_Enabled: 1
  m_EditorHideFlags: 0
  m_Script: {fileID: 11500000, guid: 3d1bc3722abc24872a59b60d729fae8c, type: 3}
  m_Name: 
  m_EditorClassIdentifier: 
  objectUI: {fileID: 0}
  gameSprite: {fileID: 21300000, guid: 7b108d4544f5c4235a96256b6d922861, type: 3}
  hudSprite: {fileID: 21300000, guid: 06aae39570a9947f6a69c735131f7f87, type: 3}
  shadowSprite: {fileID: 21300000, guid: 50e4cb660ecfe4f2093cc99946258087, type: 3}
--- !u!212 &212244606740497782
SpriteRenderer:
  m_ObjectHideFlags: 1
  m_PrefabParentObject: {fileID: 0}
  m_PrefabInternal: {fileID: 100100000}
  m_GameObject: {fileID: 1109363651432438}
  m_Enabled: 1
  m_CastShadows: 0
  m_ReceiveShadows: 0
  m_MotionVectors: 1
  m_LightProbeUsage: 0
  m_ReflectionProbeUsage: 0
  m_Materials:
  - {fileID: 10754, guid: 0000000000000000f000000000000000, type: 0}
  m_StaticBatchInfo:
    firstSubMesh: 0
    subMeshCount: 0
  m_StaticBatchRoot: {fileID: 0}
  m_ProbeAnchor: {fileID: 0}
  m_LightProbeVolumeOverride: {fileID: 0}
  m_ScaleInLightmap: 1
  m_PreserveUVs: 0
  m_IgnoreNormalsForChartDetection: 0
  m_ImportantGI: 0
  m_SelectedEditorRenderState: 0
  m_MinimumChartSize: 4
  m_AutoUVMaxDistance: 0.5
  m_AutoUVMaxAngle: 89
  m_LightmapParameters: {fileID: 0}
  m_SortingLayerID: 0
  m_SortingOrder: 1
  m_Sprite: {fileID: 21300000, guid: 7b108d4544f5c4235a96256b6d922861, type: 3}
  m_Color: {r: 1, g: 1, b: 1, a: 1}
  m_FlipX: 0
  m_FlipY: 0
