%YAML 1.1
%TAG !u! tag:unity3d.com,2011:
--- !u!1001 &100100000
Prefab:
  m_ObjectHideFlags: 1
  serializedVersion: 2
  m_Modification:
    m_TransformParent: {fileID: 0}
    m_Modifications: []
    m_RemovedComponents: []
  m_ParentPrefab: {fileID: 0}
  m_RootGameObject: {fileID: 1202134278472628}
  m_IsPrefabParent: 1
--- !u!1 &1202134278472628
GameObject:
  m_ObjectHideFlags: 0
  m_PrefabParentObject: {fileID: 0}
  m_PrefabInternal: {fileID: 100100000}
  serializedVersion: 5
  m_Component:
  - component: {fileID: 4842248612675752}
  - component: {fileID: 114203735101798236}
  - component: {fileID: 212108074259534238}
  - component: {fileID: 60914426883128648}
  m_Layer: 0
  m_Name: obj_20_12_luva
  m_TagString: Untagged
  m_Icon: {fileID: 0}
  m_NavMeshLayer: 0
  m_StaticEditorFlags: 0
  m_IsActive: 1
--- !u!4 &4842248612675752
Transform:
  m_ObjectHideFlags: 1
  m_PrefabParentObject: {fileID: 0}
  m_PrefabInternal: {fileID: 100100000}
  m_GameObject: {fileID: 1202134278472628}
  m_LocalRotation: {x: 0, y: 0, z: 0, w: 1}
  m_LocalPosition: {x: 0, y: 0, z: 0}
  m_LocalScale: {x: 1, y: 1, z: 1}
  m_Children: []
  m_Father: {fileID: 0}
  m_RootOrder: 0
  m_LocalEulerAnglesHint: {x: 0, y: 0, z: 0}
--- !u!60 &60914426883128648
PolygonCollider2D:
  m_ObjectHideFlags: 1
  m_PrefabParentObject: {fileID: 0}
  m_PrefabInternal: {fileID: 100100000}
  m_GameObject: {fileID: 1202134278472628}
  m_Enabled: 1
  m_Density: 1
  m_Material: {fileID: 0}
  m_IsTrigger: 0
  m_UsedByEffector: 0
  m_Offset: {x: 0, y: 0}
  m_Points:
    m_Paths:
    - - {x: 1.56, y: -0.12}
      - {x: 2.02, y: -0.099999994}
      - {x: 2.12, y: 0.06}
      - {x: 2.1599998, y: 0.17999999}
      - {x: 2.1599998, y: 0.59999996}
      - {x: 2.12, y: 0.71999997}
      - {x: 2, y: 0.94}
      - {x: 1.78, y: 1.18}
      - {x: 1.64, y: 1.18}
      - {x: 1.28, y: 1.1}
      - {x: 0.94, y: 1.04}
      - {x: 0.19999999, y: 1.06}
      - {x: -0.14, y: 1.1}
      - {x: -0.9, y: 1.0799999}
      - {x: -1.3, y: 0.85999995}
      - {x: -1.5999999, y: 0.68}
      - {x: -1.74, y: 0.44}
      - {x: -1.68, y: 0.38}
      - {x: -2.06, y: -0.08}
      - {x: -2.1, y: -0.38}
      - {x: -2.1, y: -0.68}
      - {x: -2, y: -0.74}
      - {x: -1.8, y: -0.71999997}
      - {x: -1.5, y: -0.52}
      - {x: -1.68, y: -0.65999997}
      - {x: -1.78, y: -1}
      - {x: -1.42, y: -1.1}
      - {x: -1.3399999, y: -1.02}
      - {x: -0.71999997, y: -0.58}
      - {x: -0.34, y: -0.35999998}
      - {x: 0.08, y: -0.26}
      - {x: 0.17999999, y: -0.32}
      - {x: 0.06, y: -0.71999997}
      - {x: -0.06, y: -0.78}
      - {x: -0.44, y: -1.04}
      - {x: -0.64, y: -1.28}
      - {x: -0.62, y: -1.4399999}
      - {x: -0.52, y: -1.54}
      - {x: -0.32, y: -1.54}
      - {x: 0.19999999, y: -1.3}
      - {x: 0.76, y: -0.9}
      - {x: 1.28, y: -0.29999998}
--- !u!114 &114203735101798236
MonoBehaviour:
  m_ObjectHideFlags: 1
  m_PrefabParentObject: {fileID: 0}
  m_PrefabInternal: {fileID: 100100000}
  m_GameObject: {fileID: 1202134278472628}
  m_Enabled: 1
  m_EditorHideFlags: 0
  m_Script: {fileID: 11500000, guid: 3d1bc3722abc24872a59b60d729fae8c, type: 3}
  m_Name: 
  m_EditorClassIdentifier: 
  objectUI: {fileID: 0}
  gameSprite: {fileID: 21300000, guid: c770bdbcdacb845e199fbcee01cf3bff, type: 3}
  hudSprite: {fileID: 21300000, guid: 528db2c2aac1b44f5ad446620366f65c, type: 3}
  shadowSprite: {fileID: 21300000, guid: b06e3da7f830543bda7e3f75e2c05b94, type: 3}
--- !u!212 &212108074259534238
SpriteRenderer:
  m_ObjectHideFlags: 1
  m_PrefabParentObject: {fileID: 0}
  m_PrefabInternal: {fileID: 100100000}
  m_GameObject: {fileID: 1202134278472628}
  m_Enabled: 1
  m_CastShadows: 0
  m_ReceiveShadows: 0
  m_MotionVectors: 1
  m_LightProbeUsage: 0
  m_ReflectionProbeUsage: 0
  m_Materials:
  - {fileID: 10754, guid: 0000000000000000f000000000000000, type: 0}
  m_StaticBatchInfo:
    firstSubMesh: 0
    subMeshCount: 0
  m_StaticBatchRoot: {fileID: 0}
  m_ProbeAnchor: {fileID: 0}
  m_LightProbeVolumeOverride: {fileID: 0}
  m_ScaleInLightmap: 1
  m_PreserveUVs: 0
  m_IgnoreNormalsForChartDetection: 0
  m_ImportantGI: 0
  m_SelectedEditorRenderState: 0
  m_MinimumChartSize: 4
  m_AutoUVMaxDistance: 0.5
  m_AutoUVMaxAngle: 89
  m_LightmapParameters: {fileID: 0}
  m_SortingLayerID: 0
  m_SortingOrder: 1
  m_Sprite: {fileID: 21300000, guid: c770bdbcdacb845e199fbcee01cf3bff, type: 3}
  m_Color: {r: 1, g: 1, b: 1, a: 1}
  m_FlipX: 0
  m_FlipY: 0
