%YAML 1.1
%TAG !u! tag:unity3d.com,2011:
--- !u!1 &142026
GameObject:
  m_ObjectHideFlags: 0
  m_PrefabParentObject: {fileID: 0}
  m_PrefabInternal: {fileID: 100100000}
  serializedVersion: 4
  m_Component:
  - 4: {fileID: 452674}
  - 114: {fileID: 11457358}
  - 212: {fileID: 21236004}
  - 60: {fileID: 6039924}
  m_Layer: 0
  m_Name: obj_01_26_maca
  m_TagString: Untagged
  m_Icon: {fileID: 0}
  m_NavMeshLayer: 0
  m_StaticEditorFlags: 0
  m_IsActive: 1
--- !u!4 &452674
Transform:
  m_ObjectHideFlags: 1
  m_PrefabParentObject: {fileID: 0}
  m_PrefabInternal: {fileID: 100100000}
  m_GameObject: {fileID: 142026}
  m_LocalRotation: {x: 0, y: 0, z: 0, w: 1}
  m_LocalPosition: {x: 0, y: 0, z: 0}
  m_LocalScale: {x: 1, y: 1, z: 1}
  m_LocalEulerAnglesHint: {x: 0, y: 0, z: 0}
  m_Children: []
  m_Father: {fileID: 0}
  m_RootOrder: 0
--- !u!60 &6039924
PolygonCollider2D:
  m_ObjectHideFlags: 1
  m_PrefabParentObject: {fileID: 0}
  m_PrefabInternal: {fileID: 100100000}
  m_GameObject: {fileID: 142026}
  m_Enabled: 1
  m_Density: 1
  m_Material: {fileID: 0}
  m_IsTrigger: 0
  m_UsedByEffector: 0
  m_Offset: {x: 0, y: 0}
  m_Points:
    m_Paths:
    - - {x: 0.525, y: -0.015}
      - {x: 0.475, y: 0.155}
      - {x: 0.39499998, y: 0.285}
      - {x: 0.265, y: 0.36499998}
      - {x: 0.035, y: 0.375}
      - {x: 0.055, y: 0.415}
      - {x: 0.055, y: 0.48499998}
      - {x: 0.295, y: 0.72499996}
      - {x: 0.295, y: 0.765}
      - {x: 0.24499999, y: 0.79499996}
      - {x: 0.195, y: 0.79499996}
      - {x: 0.044999998, y: 0.59499997}
      - {x: -0.035, y: 0.675}
      - {x: -0.145, y: 0.73499995}
      - {x: -0.295, y: 0.72499996}
      - {x: -0.49499997, y: 0.645}
      - {x: -0.505, y: 0.59499997}
      - {x: -0.33499998, y: 0.465}
      - {x: -0.175, y: 0.39499998}
      - {x: -0.095, y: 0.375}
      - {x: -0.275, y: 0.355}
      - {x: -0.355, y: 0.315}
      - {x: -0.475, y: 0.205}
      - {x: -0.555, y: 0.035}
      - {x: -0.555, y: -0.21499999}
      - {x: -0.475, y: -0.42499998}
      - {x: -0.24499999, y: -0.655}
      - {x: 0.095, y: -0.655}
      - {x: 0.275, y: -0.615}
      - {x: 0.435, y: -0.475}
      - {x: 0.525, y: -0.21499999}
--- !u!114 &11457358
MonoBehaviour:
  m_ObjectHideFlags: 1
  m_PrefabParentObject: {fileID: 0}
  m_PrefabInternal: {fileID: 100100000}
  m_GameObject: {fileID: 142026}
  m_Enabled: 1
  m_EditorHideFlags: 0
  m_Script: {fileID: 11500000, guid: 3d1bc3722abc24872a59b60d729fae8c, type: 3}
  m_Name: 
  m_EditorClassIdentifier: 
  objectUI: {fileID: 0}
  gameSprite: {fileID: 21300000, guid: d5c259d025bb0482ab63a2074b512ef0, type: 3}
  hudSprite: {fileID: 21300000, guid: 40115e0deee1741f2b1e2f5d9ffec00d, type: 3}
  shadowSprite: {fileID: 21300000, guid: 1d9c8e8008f384f078e4a5373c77c809, type: 3}
--- !u!212 &21236004
SpriteRenderer:
  m_ObjectHideFlags: 1
  m_PrefabParentObject: {fileID: 0}
  m_PrefabInternal: {fileID: 100100000}
  m_GameObject: {fileID: 142026}
  m_Enabled: 1
  m_CastShadows: 0
  m_ReceiveShadows: 0
  m_Materials:
  - {fileID: 10754, guid: 0000000000000000e000000000000000, type: 0}
  m_SubsetIndices: 
  m_StaticBatchRoot: {fileID: 0}
  m_UseLightProbes: 0
  m_ReflectionProbeUsage: 0
  m_ProbeAnchor: {fileID: 0}
  m_ScaleInLightmap: 1
  m_PreserveUVs: 0
  m_IgnoreNormalsForChartDetection: 0
  m_ImportantGI: 0
  m_MinimumChartSize: 4
  m_AutoUVMaxDistance: 0.5
  m_AutoUVMaxAngle: 89
  m_LightmapParameters: {fileID: 0}
  m_SortingLayerID: 0
  m_SortingOrder: 1
  m_Sprite: {fileID: 21300000, guid: d5c259d025bb0482ab63a2074b512ef0, type: 3}
  m_Color: {r: 1, g: 1, b: 1, a: 1}
  m_FlipX: 0
  m_FlipY: 0
--- !u!1001 &100100000
Prefab:
  m_ObjectHideFlags: 1
  serializedVersion: 2
  m_Modification:
    m_TransformParent: {fileID: 0}
    m_Modifications: []
    m_RemovedComponents: []
  m_ParentPrefab: {fileID: 0}
  m_RootGameObject: {fileID: 142026}
  m_IsPrefabParent: 1
