%YAML 1.1
%TAG !u! tag:unity3d.com,2011:
--- !u!1001 &100100000
Prefab:
  m_ObjectHideFlags: 1
  serializedVersion: 2
  m_Modification:
    m_TransformParent: {fileID: 0}
    m_Modifications: []
    m_RemovedComponents: []
  m_ParentPrefab: {fileID: 0}
  m_RootGameObject: {fileID: 1944435010254722}
  m_IsPrefabParent: 1
--- !u!1 &1944435010254722
GameObject:
  m_ObjectHideFlags: 0
  m_PrefabParentObject: {fileID: 0}
  m_PrefabInternal: {fileID: 100100000}
  serializedVersion: 5
  m_Component:
  - component: {fileID: 4275596492886604}
  - component: {fileID: 114781611683611226}
  - component: {fileID: 212883924431401174}
  - component: {fileID: 60593489643819040}
  m_Layer: 0
  m_Name: obj_17_12_guarda
  m_TagString: Untagged
  m_Icon: {fileID: 0}
  m_NavMeshLayer: 0
  m_StaticEditorFlags: 0
  m_IsActive: 1
--- !u!4 &4275596492886604
Transform:
  m_ObjectHideFlags: 1
  m_PrefabParentObject: {fileID: 0}
  m_PrefabInternal: {fileID: 100100000}
  m_GameObject: {fileID: 1944435010254722}
  m_LocalRotation: {x: 0, y: 0, z: 0, w: 1}
  m_LocalPosition: {x: 0, y: 0, z: 0}
  m_LocalScale: {x: 1, y: 1, z: 1}
  m_Children: []
  m_Father: {fileID: 0}
  m_RootOrder: 0
  m_LocalEulerAnglesHint: {x: 0, y: 0, z: 0}
--- !u!60 &60593489643819040
PolygonCollider2D:
  m_ObjectHideFlags: 1
  m_PrefabParentObject: {fileID: 0}
  m_PrefabInternal: {fileID: 100100000}
  m_GameObject: {fileID: 1944435010254722}
  m_Enabled: 1
  m_Density: 1
  m_Material: {fileID: 0}
  m_IsTrigger: 0
  m_UsedByEffector: 0
  m_Offset: {x: 0, y: 0}
  m_Points:
    m_Paths:
    - - {x: 1.06, y: -1.26}
      - {x: 0.88, y: -1.14}
      - {x: 0.7, y: -0.08}
      - {x: 0.65999997, y: 0.48}
      - {x: 0.52, y: 0.85999995}
      - {x: 0.38, y: 1.18}
      - {x: 0.12, y: 1.48}
      - {x: 0.02, y: 1.5799999}
      - {x: -0.02, y: 1.86}
      - {x: -0.16, y: 2}
      - {x: -0.38, y: 1.9399999}
      - {x: -0.45999998, y: 2.06}
      - {x: -0.59999996, y: 2.02}
      - {x: -0.7, y: 2.1}
      - {x: -0.78, y: 2.34}
      - {x: -0.97999996, y: 2.4199998}
      - {x: -1.1, y: 2.4199998}
      - {x: -1.26, y: 2.28}
      - {x: -1.26, y: 2.04}
      - {x: -1.24, y: 1.9599999}
      - {x: -1.02, y: 1.8}
      - {x: -1.22, y: 1.7199999}
      - {x: -1.28, y: 1.48}
      - {x: -1.28, y: 1.3}
      - {x: -1.1999999, y: 1.06}
      - {x: -1.0799999, y: 1.1}
      - {x: -1.12, y: 0.74}
      - {x: -0.78, y: 0.099999994}
      - {x: -0.64, y: -0.08}
      - {x: -0.29999998, y: -0.52}
      - {x: 0.39999998, y: -1.24}
      - {x: 0.42, y: -1.5}
      - {x: 0.53999996, y: -1.64}
      - {x: 0.7, y: -1.68}
      - {x: 0.85999995, y: -1.9599999}
      - {x: 1.12, y: -2.28}
      - {x: 1.1999999, y: -2.28}
      - {x: 1.1999999, y: -2.18}
      - {x: 1.16, y: -2.02}
      - {x: 1.04, y: -1.78}
      - {x: 1.1, y: -1.5}
--- !u!114 &114781611683611226
MonoBehaviour:
  m_ObjectHideFlags: 1
  m_PrefabParentObject: {fileID: 0}
  m_PrefabInternal: {fileID: 100100000}
  m_GameObject: {fileID: 1944435010254722}
  m_Enabled: 1
  m_EditorHideFlags: 0
  m_Script: {fileID: 11500000, guid: 3d1bc3722abc24872a59b60d729fae8c, type: 3}
  m_Name: 
  m_EditorClassIdentifier: 
  objectUI: {fileID: 0}
  gameSprite: {fileID: 21300000, guid: a900bd29b26b547f4b4703056761a0d2, type: 3}
  hudSprite: {fileID: 21300000, guid: 465340b1cc7c044a2a365e06300d8e78, type: 3}
  shadowSprite: {fileID: 21300000, guid: 28b0b1a571278494da739266dd673511, type: 3}
--- !u!212 &212883924431401174
SpriteRenderer:
  m_ObjectHideFlags: 1
  m_PrefabParentObject: {fileID: 0}
  m_PrefabInternal: {fileID: 100100000}
  m_GameObject: {fileID: 1944435010254722}
  m_Enabled: 1
  m_CastShadows: 0
  m_ReceiveShadows: 0
  m_MotionVectors: 1
  m_LightProbeUsage: 0
  m_ReflectionProbeUsage: 0
  m_Materials:
  - {fileID: 10754, guid: 0000000000000000f000000000000000, type: 0}
  m_StaticBatchInfo:
    firstSubMesh: 0
    subMeshCount: 0
  m_StaticBatchRoot: {fileID: 0}
  m_ProbeAnchor: {fileID: 0}
  m_LightProbeVolumeOverride: {fileID: 0}
  m_ScaleInLightmap: 1
  m_PreserveUVs: 0
  m_IgnoreNormalsForChartDetection: 0
  m_ImportantGI: 0
  m_SelectedEditorRenderState: 0
  m_MinimumChartSize: 4
  m_AutoUVMaxDistance: 0.5
  m_AutoUVMaxAngle: 89
  m_LightmapParameters: {fileID: 0}
  m_SortingLayerID: 0
  m_SortingOrder: 1
  m_Sprite: {fileID: 21300000, guid: a900bd29b26b547f4b4703056761a0d2, type: 3}
  m_Color: {r: 1, g: 1, b: 1, a: 1}
  m_FlipX: 0
  m_FlipY: 0
