%YAML 1.1
%TAG !u! tag:unity3d.com,2011:
--- !u!1001 &100100000
Prefab:
  m_ObjectHideFlags: 1
  serializedVersion: 2
  m_Modification:
    m_TransformParent: {fileID: 0}
    m_Modifications: []
    m_RemovedComponents: []
  m_ParentPrefab: {fileID: 0}
  m_RootGameObject: {fileID: 1000010504692112}
  m_IsPrefabParent: 1
--- !u!1 &1000010504692112
GameObject:
  m_ObjectHideFlags: 0
  m_PrefabParentObject: {fileID: 0}
  m_PrefabInternal: {fileID: 100100000}
  serializedVersion: 4
  m_Component:
  - 4: {fileID: 4000012676213332}
  - 114: {fileID: 114000011861770974}
  - 212: {fileID: 212000014288730550}
  - 60: {fileID: 60000011145533454}
  m_Layer: 0
  m_Name: obj_13_35_folha
  m_TagString: Untagged
  m_Icon: {fileID: 0}
  m_NavMeshLayer: 0
  m_StaticEditorFlags: 0
  m_IsActive: 1
--- !u!4 &4000012676213332
Transform:
  m_ObjectHideFlags: 1
  m_PrefabParentObject: {fileID: 0}
  m_PrefabInternal: {fileID: 100100000}
  m_GameObject: {fileID: 1000010504692112}
  m_LocalRotation: {x: 0, y: 0, z: 0, w: 1}
  m_LocalPosition: {x: 0, y: 0, z: 0}
  m_LocalScale: {x: 1, y: 1, z: 1}
  m_LocalEulerAnglesHint: {x: 0, y: 0, z: 0}
  m_Children: []
  m_Father: {fileID: 0}
  m_RootOrder: 0
--- !u!60 &60000011145533454
PolygonCollider2D:
  m_ObjectHideFlags: 1
  m_PrefabParentObject: {fileID: 0}
  m_PrefabInternal: {fileID: 100100000}
  m_GameObject: {fileID: 1000010504692112}
  m_Enabled: 1
  m_Density: 1
  m_Material: {fileID: 0}
  m_IsTrigger: 0
  m_UsedByEffector: 0
  m_Offset: {x: 0, y: 0}
  m_Points:
    m_Paths:
    - - {x: 2.761719, y: -0.16406251}
      - {x: 2.7890627, y: -0.027343752}
      - {x: 2.7890627, y: 0.19140626}
      - {x: 2.6250002, y: 0.35546878}
      - {x: 2.1328127, y: 0.5742188}
      - {x: 1.4765626, y: 0.76562506}
      - {x: 1.0937501, y: 0.82031256}
      - {x: 0.19140626, y: 0.82031256}
      - {x: -0.054687504, y: 0.7382813}
      - {x: -0.5195313, y: 0.65625006}
      - {x: -0.87500006, y: 0.46484378}
      - {x: -0.92968756, y: 0.35546878}
      - {x: -1.2851564, y: 0.32812503}
      - {x: -1.8593751, y: 0.38281253}
      - {x: -2.0234377, y: 0.27343753}
      - {x: -2.0234377, y: 0.21875001}
      - {x: -1.9960939, y: 0.16406251}
      - {x: -1.8046876, y: 0.13671876}
      - {x: -1.0390626, y: 0.10937501}
      - {x: -0.87500006, y: -0.10937501}
      - {x: -0.54687506, y: -0.38281253}
      - {x: -0.27343753, y: -0.54687506}
      - {x: -0.13671876, y: -0.49218753}
      - {x: 0, y: -0.54687506}
      - {x: 0.21875001, y: -0.60156256}
      - {x: 0.5195313, y: -0.65625006}
      - {x: 1.2031251, y: -0.65625006}
      - {x: 1.4492189, y: -0.6289063}
      - {x: 1.7500001, y: -0.5742188}
      - {x: 2.2421877, y: -0.46484378}
--- !u!114 &114000011861770974
MonoBehaviour:
  m_ObjectHideFlags: 1
  m_PrefabParentObject: {fileID: 0}
  m_PrefabInternal: {fileID: 100100000}
  m_GameObject: {fileID: 1000010504692112}
  m_Enabled: 1
  m_EditorHideFlags: 0
  m_Script: {fileID: 11500000, guid: 3d1bc3722abc24872a59b60d729fae8c, type: 3}
  m_Name: 
  m_EditorClassIdentifier: 
  objectUI: {fileID: 0}
  gameSprite: {fileID: 21300000, guid: dd9b3440c0003456ba377a691f662c0b, type: 3}
  hudSprite: {fileID: 21300000, guid: 30839f6711276484e86c541a44488ab8, type: 3}
  shadowSprite: {fileID: 21300000, guid: 78efa1ae8d86a447ba4b88c5fe29342a, type: 3}
--- !u!212 &212000014288730550
SpriteRenderer:
  m_ObjectHideFlags: 1
  m_PrefabParentObject: {fileID: 0}
  m_PrefabInternal: {fileID: 100100000}
  m_GameObject: {fileID: 1000010504692112}
  m_Enabled: 1
  m_CastShadows: 0
  m_ReceiveShadows: 0
  m_MotionVectors: 1
  m_LightProbeUsage: 0
  m_ReflectionProbeUsage: 0
  m_Materials:
  - {fileID: 10754, guid: 0000000000000000f000000000000000, type: 0}
  m_SubsetIndices: 
  m_StaticBatchRoot: {fileID: 0}
  m_ProbeAnchor: {fileID: 0}
  m_LightProbeVolumeOverride: {fileID: 0}
  m_ScaleInLightmap: 1
  m_PreserveUVs: 0
  m_IgnoreNormalsForChartDetection: 0
  m_ImportantGI: 0
  m_SelectedWireframeHidden: 1
  m_MinimumChartSize: 4
  m_AutoUVMaxDistance: 0.5
  m_AutoUVMaxAngle: 89
  m_LightmapParameters: {fileID: 0}
  m_SortingLayerID: 0
  m_SortingOrder: 1
  m_Sprite: {fileID: 21300000, guid: dd9b3440c0003456ba377a691f662c0b, type: 3}
  m_Color: {r: 1, g: 1, b: 1, a: 1}
  m_FlipX: 0
  m_FlipY: 0
