%YAML 1.1
%TAG !u! tag:unity3d.com,2011:
--- !u!1 &111934
GameObject:
  m_ObjectHideFlags: 0
  m_PrefabParentObject: {fileID: 0}
  m_PrefabInternal: {fileID: 100100000}
  serializedVersion: 4
  m_Component:
  - 4: {fileID: 465050}
  - 114: {fileID: 11425928}
  - 212: {fileID: 21225900}
  - 60: {fileID: 6092562}
  m_Layer: 0
  m_Name: obj_07_37_speed
  m_TagString: Untagged
  m_Icon: {fileID: 0}
  m_NavMeshLayer: 0
  m_StaticEditorFlags: 0
  m_IsActive: 1
--- !u!4 &465050
Transform:
  m_ObjectHideFlags: 1
  m_PrefabParentObject: {fileID: 0}
  m_PrefabInternal: {fileID: 100100000}
  m_GameObject: {fileID: 111934}
  m_LocalRotation: {x: 0, y: 0, z: 0, w: 1}
  m_LocalPosition: {x: 0, y: 0, z: 0}
  m_LocalScale: {x: 1, y: 1, z: 1}
  m_LocalEulerAnglesHint: {x: 0, y: 0, z: 0}
  m_Children: []
  m_Father: {fileID: 0}
  m_RootOrder: 0
--- !u!60 &6092562
PolygonCollider2D:
  m_ObjectHideFlags: 1
  m_PrefabParentObject: {fileID: 0}
  m_PrefabInternal: {fileID: 100100000}
  m_GameObject: {fileID: 111934}
  m_Enabled: 1
  m_Density: 1
  m_Material: {fileID: 0}
  m_IsTrigger: 0
  m_UsedByEffector: 0
  m_Offset: {x: 0, y: 0}
  m_Points:
    m_Paths:
    - - {x: 2.1508596, y: -1.194922}
      - {x: 2.1508596, y: -0.71695316}
      - {x: 2.0484376, y: -0.5803907}
      - {x: 1.8948048, y: -0.40968752}
      - {x: 1.8948048, y: -0.18777345}
      - {x: 1.8777345, y: -0.05121094}
      - {x: 1.7411721, y: 0.20484376}
      - {x: 1.9801564, y: 0.6657422}
      - {x: 1.9460158, y: 0.87058604}
      - {x: 1.843594, y: 0.9900782}
      - {x: 1.9118751, y: 1.1607814}
      - {x: 1.8948048, y: 1.5192579}
      - {x: 1.6899611, y: 1.792383}
      - {x: 1.7411721, y: 1.8777345}
      - {x: 1.6899611, y: 1.9118751}
      - {x: 1.4509767, y: 1.9801564}
      - {x: 0.9900782, y: 1.9801564}
      - {x: 0.95593756, y: 1.9460158}
      - {x: 0.69988286, y: 1.6728908}
      - {x: 0.3755469, y: 1.5875392}
      - {x: -0.3414063, y: 1.5875392}
      - {x: -0.52917975, y: 1.5363282}
      - {x: -0.8364454, y: 1.3826954}
      - {x: -1.1266407, y: 1.1607814}
      - {x: -1.1266407, y: 1.0412891}
      - {x: -0.9900782, y: 0.7510938}
      - {x: -0.8364454, y: 0.4608985}
      - {x: -0.69988286, y: 0.27312502}
      - {x: -0.52917975, y: -0.18777345}
      - {x: -0.32433596, y: -0.52917975}
      - {x: -0.017070314, y: -0.8364454}
      - {x: 0.80230474, y: -1.416836}
      - {x: 0.9730079, y: -1.5363282}
      - {x: 1.5533986, y: -1.8265235}
      - {x: 1.6558205, y: -1.9289454}
      - {x: 1.792383, y: -1.9972267}
      - {x: 1.8777345, y: -1.9972267}
      - {x: 2.014297, y: -1.8606642}
      - {x: 1.9630861, y: -1.5533986}
      - {x: 2.065508, y: -1.3997657}
    - - {x: 1.0412891, y: -1.2632033}
      - {x: 1.1266407, y: -1.0754298}
      - {x: 1.3656251, y: -1.0583595}
      - {x: 1.2632033, y: -1.194922}
      - {x: 1.1095704, y: -1.416836}
    - - {x: 1.7411721, y: 1.8777345}
      - {x: 1.792383, y: 1.8948048}
      - {x: 1.792383, y: 1.9460158}
      - {x: 1.7411721, y: 1.9630861}
      - {x: 1.7070314, y: 1.9289454}
--- !u!114 &11425928
MonoBehaviour:
  m_ObjectHideFlags: 1
  m_PrefabParentObject: {fileID: 0}
  m_PrefabInternal: {fileID: 100100000}
  m_GameObject: {fileID: 111934}
  m_Enabled: 1
  m_EditorHideFlags: 0
  m_Script: {fileID: 11500000, guid: 3d1bc3722abc24872a59b60d729fae8c, type: 3}
  m_Name: 
  m_EditorClassIdentifier: 
  objectUI: {fileID: 0}
  gameSprite: {fileID: 21300000, guid: ff2d4d6f0baac4883829d53986995b2c, type: 3}
  hudSprite: {fileID: 21300000, guid: 70caae715850c44709a784f29ddc56dc, type: 3}
  shadowSprite: {fileID: 21300000, guid: e67c91b5228b64c4a8601dc635c43dbb, type: 3}
--- !u!212 &21225900
SpriteRenderer:
  m_ObjectHideFlags: 1
  m_PrefabParentObject: {fileID: 0}
  m_PrefabInternal: {fileID: 100100000}
  m_GameObject: {fileID: 111934}
  m_Enabled: 1
  m_CastShadows: 0
  m_ReceiveShadows: 0
  m_Materials:
  - {fileID: 10754, guid: 0000000000000000e000000000000000, type: 0}
  m_SubsetIndices: 
  m_StaticBatchRoot: {fileID: 0}
  m_UseLightProbes: 0
  m_ReflectionProbeUsage: 0
  m_ProbeAnchor: {fileID: 0}
  m_ScaleInLightmap: 1
  m_PreserveUVs: 0
  m_IgnoreNormalsForChartDetection: 0
  m_ImportantGI: 0
  m_MinimumChartSize: 4
  m_AutoUVMaxDistance: 0.5
  m_AutoUVMaxAngle: 89
  m_LightmapParameters: {fileID: 0}
  m_SortingLayerID: 0
  m_SortingOrder: 1
  m_Sprite: {fileID: 21300000, guid: ff2d4d6f0baac4883829d53986995b2c, type: 3}
  m_Color: {r: 1, g: 1, b: 1, a: 1}
  m_FlipX: 0
  m_FlipY: 0
--- !u!1001 &100100000
Prefab:
  m_ObjectHideFlags: 1
  serializedVersion: 2
  m_Modification:
    m_TransformParent: {fileID: 0}
    m_Modifications: []
    m_RemovedComponents: []
  m_ParentPrefab: {fileID: 0}
  m_RootGameObject: {fileID: 111934}
  m_IsPrefabParent: 1
