%YAML 1.1
%TAG !u! tag:unity3d.com,2011:
--- !u!1 &137032
GameObject:
  m_ObjectHideFlags: 0
  m_PrefabParentObject: {fileID: 0}
  m_PrefabInternal: {fileID: 100100000}
  serializedVersion: 4
  m_Component:
  - 4: {fileID: 481144}
  - 114: {fileID: 11416762}
  - 212: {fileID: 21241524}
  - 60: {fileID: 6011886}
  m_Layer: 0
  m_Name: obj_08_22_avental
  m_TagString: Untagged
  m_Icon: {fileID: 0}
  m_NavMeshLayer: 0
  m_StaticEditorFlags: 0
  m_IsActive: 1
--- !u!4 &481144
Transform:
  m_ObjectHideFlags: 1
  m_PrefabParentObject: {fileID: 0}
  m_PrefabInternal: {fileID: 100100000}
  m_GameObject: {fileID: 137032}
  m_LocalRotation: {x: 0, y: 0, z: 0, w: 1}
  m_LocalPosition: {x: 0, y: 0, z: 0}
  m_LocalScale: {x: 1, y: 1, z: 1}
  m_LocalEulerAnglesHint: {x: 0, y: 0, z: 0}
  m_Children: []
  m_Father: {fileID: 0}
  m_RootOrder: 0
--- !u!60 &6011886
PolygonCollider2D:
  m_ObjectHideFlags: 1
  m_PrefabParentObject: {fileID: 0}
  m_PrefabInternal: {fileID: 100100000}
  m_GameObject: {fileID: 137032}
  m_Enabled: 1
  m_Density: 1
  m_Material: {fileID: 0}
  m_IsTrigger: 0
  m_UsedByEffector: 0
  m_Offset: {x: 0, y: 0}
  m_Points:
    m_Paths:
    - - {x: -0.24, y: -0.42}
      - {x: -0.22, y: -0.39999998}
      - {x: -0.24, y: -0.5}
      - {x: -0.24, y: -1.5}
      - {x: -0.22, y: -1.56}
      - {x: -0.02, y: -1.54}
      - {x: 0.17999999, y: -1.42}
      - {x: 0.32, y: -1.8}
      - {x: 0.44, y: -1.8399999}
      - {x: 0.52, y: -1.7199999}
      - {x: 0.53999996, y: -0.96}
      - {x: 0.71999997, y: -0.71999997}
      - {x: 0.71999997, y: -0.39999998}
      - {x: 0.65999997, y: 0.34}
      - {x: 0.58, y: 0.97999996}
      - {x: 0.45999998, y: 1.4}
      - {x: 0.34, y: 1.68}
      - {x: 0.28, y: 1.74}
      - {x: -0.48, y: 1.74}
      - {x: -0.79999995, y: 1.7199999}
      - {x: -0.94, y: 1.66}
      - {x: -1.22, y: 1.42}
      - {x: -1.22, y: 1.18}
      - {x: -1.16, y: 1.06}
      - {x: -0.68, y: 0.97999996}
      - {x: -0.28, y: 0.099999994}
      - {x: -0.34, y: -0.06}
      - {x: -0.39999998, y: -0.29999998}
      - {x: -0.45999998, y: -0.62}
      - {x: -0.48, y: -0.84}
      - {x: -0.48, y: -1.62}
      - {x: -0.44, y: -2.1}
      - {x: -0.34, y: -2.1599998}
      - {x: -0.24, y: -2.1599998}
      - {x: -0.22, y: -2.1399999}
      - {x: -0.28, y: -1.5999999}
      - {x: -0.24, y: -0.58}
    - - {x: -0.91999996, y: 1.26}
      - {x: -0.9, y: 1.4599999}
      - {x: -0.42, y: 1.5}
      - {x: 0, y: 1.52}
      - {x: -0.06, y: 1.26}
--- !u!114 &11416762
MonoBehaviour:
  m_ObjectHideFlags: 1
  m_PrefabParentObject: {fileID: 0}
  m_PrefabInternal: {fileID: 100100000}
  m_GameObject: {fileID: 137032}
  m_Enabled: 1
  m_EditorHideFlags: 0
  m_Script: {fileID: 11500000, guid: 3d1bc3722abc24872a59b60d729fae8c, type: 3}
  m_Name: 
  m_EditorClassIdentifier: 
  objectUI: {fileID: 0}
  gameSprite: {fileID: 21300000, guid: 351b1425aa173475e82bd4bf13f83d1f, type: 3}
  hudSprite: {fileID: 21300000, guid: a85fab5294ba143d2acd826bdd5584f6, type: 3}
  shadowSprite: {fileID: 21300000, guid: c384759d6762341538c4de98ebd115e1, type: 3}
--- !u!212 &21241524
SpriteRenderer:
  m_ObjectHideFlags: 1
  m_PrefabParentObject: {fileID: 0}
  m_PrefabInternal: {fileID: 100100000}
  m_GameObject: {fileID: 137032}
  m_Enabled: 1
  m_CastShadows: 0
  m_ReceiveShadows: 0
  m_Materials:
  - {fileID: 10754, guid: 0000000000000000e000000000000000, type: 0}
  m_SubsetIndices: 
  m_StaticBatchRoot: {fileID: 0}
  m_UseLightProbes: 0
  m_ReflectionProbeUsage: 0
  m_ProbeAnchor: {fileID: 0}
  m_ScaleInLightmap: 1
  m_PreserveUVs: 0
  m_IgnoreNormalsForChartDetection: 0
  m_ImportantGI: 0
  m_MinimumChartSize: 4
  m_AutoUVMaxDistance: 0.5
  m_AutoUVMaxAngle: 89
  m_LightmapParameters: {fileID: 0}
  m_SortingLayerID: 0
  m_SortingOrder: 1
  m_Sprite: {fileID: 21300000, guid: 351b1425aa173475e82bd4bf13f83d1f, type: 3}
  m_Color: {r: 1, g: 1, b: 1, a: 1}
  m_FlipX: 0
  m_FlipY: 0
--- !u!1001 &100100000
Prefab:
  m_ObjectHideFlags: 1
  serializedVersion: 2
  m_Modification:
    m_TransformParent: {fileID: 0}
    m_Modifications: []
    m_RemovedComponents: []
  m_ParentPrefab: {fileID: 0}
  m_RootGameObject: {fileID: 137032}
  m_IsPrefabParent: 1
