%YAML 1.1
%TAG !u! tag:unity3d.com,2011:
--- !u!1001 &100100000
Prefab:
  m_ObjectHideFlags: 1
  serializedVersion: 2
  m_Modification:
    m_TransformParent: {fileID: 0}
    m_Modifications: []
    m_RemovedComponents: []
  m_ParentPrefab: {fileID: 0}
  m_RootGameObject: {fileID: 1964567884452268}
  m_IsPrefabParent: 1
--- !u!1 &1964567884452268
GameObject:
  m_ObjectHideFlags: 0
  m_PrefabParentObject: {fileID: 0}
  m_PrefabInternal: {fileID: 100100000}
  serializedVersion: 5
  m_Component:
  - component: {fileID: 4732262353353900}
  - component: {fileID: 114048407511800166}
  - component: {fileID: 212977150295028728}
  - component: {fileID: 60887461601833270}
  m_Layer: 0
  m_Name: obj_16_28_pessego
  m_TagString: Untagged
  m_Icon: {fileID: 0}
  m_NavMeshLayer: 0
  m_StaticEditorFlags: 0
  m_IsActive: 1
--- !u!4 &4732262353353900
Transform:
  m_ObjectHideFlags: 1
  m_PrefabParentObject: {fileID: 0}
  m_PrefabInternal: {fileID: 100100000}
  m_GameObject: {fileID: 1964567884452268}
  m_LocalRotation: {x: 0, y: 0, z: 0, w: 1}
  m_LocalPosition: {x: 0, y: 0, z: 0}
  m_LocalScale: {x: 1, y: 1, z: 1}
  m_Children: []
  m_Father: {fileID: 0}
  m_RootOrder: 0
  m_LocalEulerAnglesHint: {x: 0, y: 0, z: 0}
--- !u!60 &60887461601833270
PolygonCollider2D:
  m_ObjectHideFlags: 1
  m_PrefabParentObject: {fileID: 0}
  m_PrefabInternal: {fileID: 100100000}
  m_GameObject: {fileID: 1964567884452268}
  m_Enabled: 1
  m_Density: 1
  m_Material: {fileID: 0}
  m_IsTrigger: 0
  m_UsedByEffector: 0
  m_Offset: {x: 0, y: 0}
  m_Points:
    m_Paths:
    - - {x: -0.6802734, y: -0.9017578}
      - {x: -0.9492187, y: -0.6802734}
      - {x: -1.2339842, y: -0.6802734}
      - {x: -1.3447264, y: -0.759375}
      - {x: -1.3447264, y: -1.2339842}
      - {x: -1.0757812, y: -1.4396484}
      - {x: -0.9966796, y: -1.4396484}
      - {x: -0.88593745, y: -1.4080077}
      - {x: -0.711914, y: -1.2656249}
      - {x: -0.6802734, y: -1.170703}
    - - {x: 1.4712889, y: 0}
      - {x: 1.1865233, y: 0}
      - {x: 1.0916015, y: -0.11074218}
      - {x: 1.0916015, y: -0.45878902}
      - {x: 1.2656249, y: -0.6960937}
      - {x: 1.3763671, y: -0.711914}
      - {x: 1.6136718, y: -0.711914}
      - {x: 1.7876952, y: -0.49042964}
      - {x: 1.7876952, y: -0.22148436}
      - {x: 1.6611327, y: -0.063281246}
    - - {x: -0.2689453, y: 0.2689453}
      - {x: -0.33222654, y: 0.31640622}
      - {x: -0.5537109, y: 0.34804684}
      - {x: -0.8701171, y: 0.34804684}
      - {x: -1.0441406, y: 0.15820311}
      - {x: -1.0441406, y: -0.4271484}
      - {x: -0.60117185, y: -0.6802734}
      - {x: -0.22148436, y: -0.6802734}
      - {x: 0, y: -0.45878902}
      - {x: 0, y: 0}
      - {x: -0.11074218, y: 0.23730467}
    - - {x: -1.4080077, y: 0.34804684}
      - {x: -1.4712889, y: 0.36386716}
      - {x: -1.8351561, y: 0.36386716}
      - {x: -1.882617, y: 0.31640622}
      - {x: -1.882617, y: -0.11074218}
      - {x: -1.6927733, y: -0.2847656}
      - {x: -1.5662109, y: -0.2847656}
      - {x: -1.3447264, y: -0.15820311}
      - {x: -1.3130858, y: -0.12656249}
      - {x: -1.3130858, y: 0.1423828}
    - - {x: 0.31640622, y: 0.88593745}
      - {x: 0.25312498, y: 0.7277343}
      - {x: 0.31640622, y: 0.711914}
      - {x: 0.33222654, y: 0.711914}
      - {x: 0.3796875, y: 0.759375}
      - {x: 0.2847656, y: 0.64863276}
      - {x: 0.23730467, y: 0.63281244}
      - {x: 0.23730467, y: 0.22148436}
      - {x: 0.33222654, y: -0.015820311}
      - {x: 0.8701171, y: -0.015820311}
      - {x: 1.0283202, y: 0.079101555}
      - {x: 1.0283202, y: 0.6644531}
      - {x: 0.8701171, y: 0.88593745}
    - - {x: -1.2814453, y: 1.51875}
      - {x: -1.3605468, y: 1.3921874}
      - {x: -1.3289062, y: 1.3447264}
      - {x: -1.2814453, y: 1.3447264}
      - {x: -1.423828, y: 1.2339842}
      - {x: -1.423828, y: 0.759375}
      - {x: -1.2972655, y: 0.49042964}
      - {x: -0.8068359, y: 0.49042964}
      - {x: -0.5378906, y: 0.7277343}
      - {x: -0.5378906, y: 1.3289062}
      - {x: -0.965039, y: 1.51875}
--- !u!114 &114048407511800166
MonoBehaviour:
  m_ObjectHideFlags: 1
  m_PrefabParentObject: {fileID: 0}
  m_PrefabInternal: {fileID: 100100000}
  m_GameObject: {fileID: 1964567884452268}
  m_Enabled: 1
  m_EditorHideFlags: 0
  m_Script: {fileID: 11500000, guid: 3d1bc3722abc24872a59b60d729fae8c, type: 3}
  m_Name: 
  m_EditorClassIdentifier: 
  objectUI: {fileID: 0}
  gameSprite: {fileID: 21300000, guid: 31a1935df664d4ea78058fae6c670dd2, type: 3}
  hudSprite: {fileID: 21300000, guid: 8c775e5827b8f492e865f26e2d9595d5, type: 3}
  shadowSprite: {fileID: 21300000, guid: 0acb2cc8468df407ba36f49631e9e371, type: 3}
--- !u!212 &212977150295028728
SpriteRenderer:
  m_ObjectHideFlags: 1
  m_PrefabParentObject: {fileID: 0}
  m_PrefabInternal: {fileID: 100100000}
  m_GameObject: {fileID: 1964567884452268}
  m_Enabled: 1
  m_CastShadows: 0
  m_ReceiveShadows: 0
  m_MotionVectors: 1
  m_LightProbeUsage: 0
  m_ReflectionProbeUsage: 0
  m_Materials:
  - {fileID: 10754, guid: 0000000000000000f000000000000000, type: 0}
  m_StaticBatchInfo:
    firstSubMesh: 0
    subMeshCount: 0
  m_StaticBatchRoot: {fileID: 0}
  m_ProbeAnchor: {fileID: 0}
  m_LightProbeVolumeOverride: {fileID: 0}
  m_ScaleInLightmap: 1
  m_PreserveUVs: 0
  m_IgnoreNormalsForChartDetection: 0
  m_ImportantGI: 0
  m_SelectedEditorRenderState: 0
  m_MinimumChartSize: 4
  m_AutoUVMaxDistance: 0.5
  m_AutoUVMaxAngle: 89
  m_LightmapParameters: {fileID: 0}
  m_SortingLayerID: 0
  m_SortingOrder: 1
  m_Sprite: {fileID: 21300000, guid: 31a1935df664d4ea78058fae6c670dd2, type: 3}
  m_Color: {r: 1, g: 1, b: 1, a: 1}
  m_FlipX: 0
  m_FlipY: 0
