%YAML 1.1
%TAG !u! tag:unity3d.com,2011:
--- !u!1 &150152
GameObject:
  m_ObjectHideFlags: 0
  m_PrefabParentObject: {fileID: 0}
  m_PrefabInternal: {fileID: 100100000}
  serializedVersion: 4
  m_Component:
  - 4: {fileID: 455274}
  - 114: {fileID: 11467360}
  - 212: {fileID: 21280766}
  - 60: {fileID: 6017968}
  m_Layer: 0
  m_Name: obj_02_40_puffin
  m_TagString: Untagged
  m_Icon: {fileID: 0}
  m_NavMeshLayer: 0
  m_StaticEditorFlags: 0
  m_IsActive: 1
--- !u!4 &455274
Transform:
  m_ObjectHideFlags: 1
  m_PrefabParentObject: {fileID: 0}
  m_PrefabInternal: {fileID: 100100000}
  m_GameObject: {fileID: 150152}
  m_LocalRotation: {x: 0, y: 0, z: 0, w: 1}
  m_LocalPosition: {x: 0, y: 0, z: 0}
  m_LocalScale: {x: 1, y: 1, z: 1}
  m_LocalEulerAnglesHint: {x: 0, y: 0, z: 0}
  m_Children: []
  m_Father: {fileID: 0}
  m_RootOrder: 0
--- !u!60 &6017968
PolygonCollider2D:
  m_ObjectHideFlags: 1
  m_PrefabParentObject: {fileID: 0}
  m_PrefabInternal: {fileID: 100100000}
  m_GameObject: {fileID: 150152}
  m_Enabled: 1
  m_Density: 1
  m_Material: {fileID: 0}
  m_IsTrigger: 0
  m_UsedByEffector: 0
  m_Offset: {x: 0, y: 0}
  m_Points:
    m_Paths:
    - - {x: -0.55722654, y: 0.024765624}
      - {x: -0.33433592, y: 0.024765624}
      - {x: 0, y: 0.08667968}
      - {x: 0.28480467, y: 0.11144531}
      - {x: 0.50769526, y: 0.19812499}
      - {x: 0.59437495, y: 0.27242187}
      - {x: 0.59437495, y: 0.44578123}
      - {x: 0.40863279, y: 0.55722654}
      - {x: 0.23527342, y: 0.64390624}
      - {x: 0.13621093, y: 0.85441405}
      - {x: 0.13621093, y: 1.0153905}
      - {x: 0.12382812, y: 1.1392187}
      - {x: 0.07429687, y: 1.2382811}
      - {x: -0.08667968, y: 1.3744922}
      - {x: -0.22289062, y: 1.4240234}
      - {x: -0.38386717, y: 1.4364061}
      - {x: -0.60675776, y: 1.4364061}
      - {x: -0.69343746, y: 1.3992578}
      - {x: -0.9287109, y: 1.2258984}
      - {x: -1.0401562, y: 1.1887499}
      - {x: -1.0649219, y: 1.1268358}
      - {x: -1.0649219, y: 1.052539}
      - {x: -0.9534765, y: 0.87917966}
      - {x: -0.97824216, y: 0.75535154}
      - {x: -0.97824216, y: 0.65628904}
      - {x: -0.9287109, y: 0.55722654}
      - {x: -0.74296874, y: 0.40863279}
      - {x: -0.76773435, y: 0.29718748}
      - {x: -0.90394527, y: 0.11144531}
      - {x: -0.96585935, y: -0.19812499}
      - {x: -0.96585935, y: -0.50769526}
      - {x: -0.9287109, y: -0.60675776}
      - {x: -0.81726557, y: -0.8296484}
      - {x: -0.78011715, y: -0.87917966}
      - {x: -0.68105465, y: -0.87917966}
      - {x: -0.59437495, y: -0.8296484}
      - {x: -0.66867185, y: -0.61914057}
      - {x: -0.68105465, y: -0.16097656}
      - {x: -0.58199215, y: 0.08667968}
    - - {x: -0.47054684, y: -0.28480467}
      - {x: -0.47054684, y: -0.32195312}
      - {x: -0.35910153, y: -0.49531248}
      - {x: -0.28480467, y: -0.55722654}
      - {x: -0.24765624, y: -0.54484373}
      - {x: -0.24765624, y: -0.29718748}
      - {x: -0.27242187, y: -0.27242187}
      - {x: -0.44578123, y: -0.27242187}
--- !u!114 &11467360
MonoBehaviour:
  m_ObjectHideFlags: 1
  m_PrefabParentObject: {fileID: 0}
  m_PrefabInternal: {fileID: 100100000}
  m_GameObject: {fileID: 150152}
  m_Enabled: 1
  m_EditorHideFlags: 0
  m_Script: {fileID: 11500000, guid: 3d1bc3722abc24872a59b60d729fae8c, type: 3}
  m_Name: 
  m_EditorClassIdentifier: 
  objectUI: {fileID: 0}
  gameSprite: {fileID: 21300000, guid: b2f0246232ab044f89720ccb842e91ea, type: 3}
  hudSprite: {fileID: 21300000, guid: af72e89e5234b4e79a73e23231842a1e, type: 3}
  shadowSprite: {fileID: 21300000, guid: 6eac351e67936492ebe2fbc96e21aa7c, type: 3}
--- !u!212 &21280766
SpriteRenderer:
  m_ObjectHideFlags: 1
  m_PrefabParentObject: {fileID: 0}
  m_PrefabInternal: {fileID: 100100000}
  m_GameObject: {fileID: 150152}
  m_Enabled: 1
  m_CastShadows: 0
  m_ReceiveShadows: 0
  m_Materials:
  - {fileID: 10754, guid: 0000000000000000e000000000000000, type: 0}
  m_SubsetIndices: 
  m_StaticBatchRoot: {fileID: 0}
  m_UseLightProbes: 0
  m_ReflectionProbeUsage: 0
  m_ProbeAnchor: {fileID: 0}
  m_ScaleInLightmap: 1
  m_PreserveUVs: 0
  m_IgnoreNormalsForChartDetection: 0
  m_ImportantGI: 0
  m_MinimumChartSize: 4
  m_AutoUVMaxDistance: 0.5
  m_AutoUVMaxAngle: 89
  m_LightmapParameters: {fileID: 0}
  m_SortingLayerID: 0
  m_SortingOrder: 1
  m_Sprite: {fileID: 21300000, guid: b2f0246232ab044f89720ccb842e91ea, type: 3}
  m_Color: {r: 1, g: 1, b: 1, a: 1}
  m_FlipX: 0
  m_FlipY: 0
--- !u!1001 &100100000
Prefab:
  m_ObjectHideFlags: 1
  serializedVersion: 2
  m_Modification:
    m_TransformParent: {fileID: 0}
    m_Modifications: []
    m_RemovedComponents: []
  m_ParentPrefab: {fileID: 0}
  m_RootGameObject: {fileID: 150152}
  m_IsPrefabParent: 1
