%YAML 1.1
%TAG !u! tag:unity3d.com,2011:
--- !u!1001 &100100000
Prefab:
  m_ObjectHideFlags: 1
  serializedVersion: 2
  m_Modification:
    m_TransformParent: {fileID: 0}
    m_Modifications: []
    m_RemovedComponents: []
  m_ParentPrefab: {fileID: 0}
  m_RootGameObject: {fileID: 1420814119249996}
  m_IsPrefabParent: 1
--- !u!1 &1420814119249996
GameObject:
  m_ObjectHideFlags: 0
  m_PrefabParentObject: {fileID: 0}
  m_PrefabInternal: {fileID: 100100000}
  serializedVersion: 5
  m_Component:
  - component: {fileID: 4068013966131140}
  - component: {fileID: 114635591493401108}
  - component: {fileID: 212754631496369332}
  - component: {fileID: 60605987240741094}
  m_Layer: 0
  m_Name: obj_16_27_cerca
  m_TagString: Untagged
  m_Icon: {fileID: 0}
  m_NavMeshLayer: 0
  m_StaticEditorFlags: 0
  m_IsActive: 1
--- !u!4 &4068013966131140
Transform:
  m_ObjectHideFlags: 1
  m_PrefabParentObject: {fileID: 0}
  m_PrefabInternal: {fileID: 100100000}
  m_GameObject: {fileID: 1420814119249996}
  m_LocalRotation: {x: 0, y: 0, z: 0, w: 1}
  m_LocalPosition: {x: 0, y: 0, z: 0}
  m_LocalScale: {x: 1, y: 1, z: 1}
  m_Children: []
  m_Father: {fileID: 0}
  m_RootOrder: 0
  m_LocalEulerAnglesHint: {x: 0, y: 0, z: 0}
--- !u!60 &60605987240741094
PolygonCollider2D:
  m_ObjectHideFlags: 1
  m_PrefabParentObject: {fileID: 0}
  m_PrefabInternal: {fileID: 100100000}
  m_GameObject: {fileID: 1420814119249996}
  m_Enabled: 1
  m_Density: 1
  m_Material: {fileID: 0}
  m_IsTrigger: 0
  m_UsedByEffector: 0
  m_Offset: {x: 0, y: 0}
  m_Points:
    m_Paths:
    - - {x: 1.3199999, y: -0.56}
      - {x: 1.48, y: -0.59999996}
      - {x: 1.6999999, y: -0.48}
      - {x: 1.6999999, y: -0.19999999}
      - {x: 1.26, y: 0.06}
      - {x: 1.28, y: 0.56}
      - {x: 1.4, y: 0.7}
      - {x: 1.26, y: 1.02}
      - {x: 0.97999996, y: 1.02}
      - {x: 0.9, y: 0.96}
      - {x: 0.79999995, y: 0.74}
      - {x: 0.7, y: 0.39999998}
      - {x: 0.64, y: 0.22}
      - {x: 0.42, y: 0.38}
      - {x: 0.58, y: 0.68}
      - {x: 0.52, y: 1.14}
      - {x: 0.34, y: 1.3199999}
      - {x: 0.19999999, y: 1.3199999}
      - {x: -0.17999999, y: 1.04}
      - {x: -0.32, y: 0.53999996}
      - {x: -0.56, y: 0.64}
      - {x: -0.65999997, y: 0.85999995}
      - {x: -0.5, y: 1.38}
      - {x: -0.53999996, y: 1.62}
      - {x: -0.65999997, y: 1.7199999}
      - {x: -0.78, y: 1.7199999}
      - {x: -0.91999996, y: 1.6999999}
      - {x: -1.22, y: 1.5}
      - {x: -1.26, y: 1}
      - {x: -1.52, y: 0.9}
      - {x: -1.5999999, y: 0.79999995}
      - {x: -1.5999999, y: 0.74}
      - {x: -1.5799999, y: 0.68}
      - {x: -1.4399999, y: 0.53999996}
      - {x: -1.3, y: 0.45999998}
      - {x: -1.48, y: -0.53999996}
      - {x: -1.24, y: -0.71999997}
      - {x: -1.04, y: -0.68}
      - {x: -0.9, y: -0.56}
      - {x: -0.82, y: 0}
      - {x: -0.79999995, y: 0.26}
      - {x: -0.35999998, y: 0.04}
      - {x: -0.42, y: -0.56}
      - {x: -0.53999996, y: -0.85999995}
      - {x: -0.53999996, y: -1}
      - {x: -0.42, y: -1.22}
      - {x: -0.04, y: -1.22}
      - {x: 0.14, y: -1.06}
      - {x: 0.19999999, y: -0.29999998}
      - {x: 0.62, y: -0.44}
      - {x: 0.53999996, y: -1.02}
      - {x: 0.5, y: -1.56}
      - {x: 0.59999996, y: -1.68}
      - {x: 0.64, y: -1.7199999}
      - {x: 0.82, y: -1.7199999}
      - {x: 0.9, y: -1.6999999}
      - {x: 1, y: -1.64}
      - {x: 1.0799999, y: -1.5799999}
      - {x: 1.16, y: -0.82}
--- !u!114 &114635591493401108
MonoBehaviour:
  m_ObjectHideFlags: 1
  m_PrefabParentObject: {fileID: 0}
  m_PrefabInternal: {fileID: 100100000}
  m_GameObject: {fileID: 1420814119249996}
  m_Enabled: 1
  m_EditorHideFlags: 0
  m_Script: {fileID: 11500000, guid: 3d1bc3722abc24872a59b60d729fae8c, type: 3}
  m_Name: 
  m_EditorClassIdentifier: 
  objectUI: {fileID: 0}
  gameSprite: {fileID: 21300000, guid: 44a5b78cd60e246878d7d31fb3be3288, type: 3}
  hudSprite: {fileID: 21300000, guid: 5afe6cd8668f74cd2ada3e2c46e7074f, type: 3}
  shadowSprite: {fileID: 21300000, guid: 45f6afed8191d43948517c12f961a338, type: 3}
--- !u!212 &212754631496369332
SpriteRenderer:
  m_ObjectHideFlags: 1
  m_PrefabParentObject: {fileID: 0}
  m_PrefabInternal: {fileID: 100100000}
  m_GameObject: {fileID: 1420814119249996}
  m_Enabled: 1
  m_CastShadows: 0
  m_ReceiveShadows: 0
  m_MotionVectors: 1
  m_LightProbeUsage: 0
  m_ReflectionProbeUsage: 0
  m_Materials:
  - {fileID: 10754, guid: 0000000000000000f000000000000000, type: 0}
  m_StaticBatchInfo:
    firstSubMesh: 0
    subMeshCount: 0
  m_StaticBatchRoot: {fileID: 0}
  m_ProbeAnchor: {fileID: 0}
  m_LightProbeVolumeOverride: {fileID: 0}
  m_ScaleInLightmap: 1
  m_PreserveUVs: 0
  m_IgnoreNormalsForChartDetection: 0
  m_ImportantGI: 0
  m_SelectedEditorRenderState: 0
  m_MinimumChartSize: 4
  m_AutoUVMaxDistance: 0.5
  m_AutoUVMaxAngle: 89
  m_LightmapParameters: {fileID: 0}
  m_SortingLayerID: 0
  m_SortingOrder: 1
  m_Sprite: {fileID: 21300000, guid: 44a5b78cd60e246878d7d31fb3be3288, type: 3}
  m_Color: {r: 1, g: 1, b: 1, a: 1}
  m_FlipX: 0
  m_FlipY: 0
