%YAML 1.1
%TAG !u! tag:unity3d.com,2011:
--- !u!1001 &100100000
Prefab:
  m_ObjectHideFlags: 1
  serializedVersion: 2
  m_Modification:
    m_TransformParent: {fileID: 0}
    m_Modifications: []
    m_RemovedComponents: []
  m_ParentPrefab: {fileID: 0}
  m_RootGameObject: {fileID: 1000011557781940}
  m_IsPrefabParent: 1
--- !u!1 &1000011557781940
GameObject:
  m_ObjectHideFlags: 0
  m_PrefabParentObject: {fileID: 0}
  m_PrefabInternal: {fileID: 100100000}
  serializedVersion: 4
  m_Component:
  - 4: {fileID: 4000010179341978}
  - 114: {fileID: 114000013368751920}
  - 212: {fileID: 212000014251925556}
  - 60: {fileID: 60000012625285774}
  m_Layer: 0
  m_Name: obj_11_15_pao
  m_TagString: Untagged
  m_Icon: {fileID: 0}
  m_NavMeshLayer: 0
  m_StaticEditorFlags: 0
  m_IsActive: 1
--- !u!4 &4000010179341978
Transform:
  m_ObjectHideFlags: 1
  m_PrefabParentObject: {fileID: 0}
  m_PrefabInternal: {fileID: 100100000}
  m_GameObject: {fileID: 1000011557781940}
  m_LocalRotation: {x: 0, y: 0, z: 0, w: 1}
  m_LocalPosition: {x: 0, y: 0, z: 0}
  m_LocalScale: {x: 1, y: 1, z: 1}
  m_LocalEulerAnglesHint: {x: 0, y: 0, z: 0}
  m_Children: []
  m_Father: {fileID: 0}
  m_RootOrder: 0
--- !u!60 &60000012625285774
PolygonCollider2D:
  m_ObjectHideFlags: 1
  m_PrefabParentObject: {fileID: 0}
  m_PrefabInternal: {fileID: 100100000}
  m_GameObject: {fileID: 1000011557781940}
  m_Enabled: 1
  m_Density: 1
  m_Material: {fileID: 0}
  m_IsTrigger: 0
  m_UsedByEffector: 0
  m_Offset: {x: 0, y: 0}
  m_Points:
    m_Paths:
    - - {x: 1.8291796, y: -0.9238281}
      - {x: 2.0139453, y: -0.48039064}
      - {x: 2.0508986, y: -0.18476562}
      - {x: 2.0324218, y: 0.036953125}
      - {x: 2.1802344, y: 0.25867188}
      - {x: 2.198711, y: 0.38800782}
      - {x: 2.198711, y: 0.60972655}
      - {x: 2.069375, y: 0.77601564}
      - {x: 1.8107032, y: 0.8683984}
      - {x: 1.5705078, y: 0.88687503}
      - {x: 1.4226953, y: 0.8683984}
      - {x: 1.4411719, y: 1.0901172}
      - {x: 1.1640234, y: 1.2933594}
      - {x: 0.9238281, y: 1.3303125}
      - {x: 0.51734376, y: 1.2748828}
      - {x: 0.295625, y: 1.0901172}
      - {x: -0.16628906, y: 1.0901172}
      - {x: -0.38800782, y: 1.2379297}
      - {x: -0.7575391, y: 1.4042188}
      - {x: -0.8499219, y: 1.4411719}
      - {x: -1.3487891, y: 1.4411719}
      - {x: -1.5705078, y: 1.2933594}
      - {x: -1.5705078, y: 0.9607813}
      - {x: -2.0324218, y: 0.7944922}
      - {x: -2.2171874, y: 0.66515625}
      - {x: -2.2356641, y: 0.60972655}
      - {x: -2.2356641, y: 0.295625}
      - {x: -2.1802344, y: 0.11085938}
      - {x: -2.0139453, y: -0.05542969}
      - {x: -1.7367969, y: -0.22171876}
      - {x: -1.8107032, y: -0.27714843}
      - {x: -1.8476562, y: -0.57277346}
      - {x: -1.5889844, y: -0.9238281}
      - {x: -1.5520313, y: -1.1270703}
      - {x: -1.3857422, y: -1.2194531}
      - {x: -0.8683984, y: -1.3672656}
      - {x: 0.5358203, y: -1.3672656}
      - {x: 1.0346875, y: -1.3487891}
      - {x: 1.5150782, y: -1.2933594}
      - {x: 1.8107032, y: -1.1085937}
--- !u!114 &114000013368751920
MonoBehaviour:
  m_ObjectHideFlags: 1
  m_PrefabParentObject: {fileID: 0}
  m_PrefabInternal: {fileID: 100100000}
  m_GameObject: {fileID: 1000011557781940}
  m_Enabled: 1
  m_EditorHideFlags: 0
  m_Script: {fileID: 11500000, guid: 3d1bc3722abc24872a59b60d729fae8c, type: 3}
  m_Name: 
  m_EditorClassIdentifier: 
  objectUI: {fileID: 0}
  gameSprite: {fileID: 21300000, guid: ea6f0feffd1fc45db9d20246e73d4288, type: 3}
  hudSprite: {fileID: 21300000, guid: bda2a8425510a4b11a511a649328487a, type: 3}
  shadowSprite: {fileID: 21300000, guid: 483048f5182974fbf8837bdf406b67e4, type: 3}
--- !u!212 &212000014251925556
SpriteRenderer:
  m_ObjectHideFlags: 1
  m_PrefabParentObject: {fileID: 0}
  m_PrefabInternal: {fileID: 100100000}
  m_GameObject: {fileID: 1000011557781940}
  m_Enabled: 1
  m_CastShadows: 0
  m_ReceiveShadows: 0
  m_MotionVectors: 1
  m_LightProbeUsage: 0
  m_ReflectionProbeUsage: 0
  m_Materials:
  - {fileID: 10754, guid: 0000000000000000f000000000000000, type: 0}
  m_SubsetIndices: 
  m_StaticBatchRoot: {fileID: 0}
  m_ProbeAnchor: {fileID: 0}
  m_LightProbeVolumeOverride: {fileID: 0}
  m_ScaleInLightmap: 1
  m_PreserveUVs: 0
  m_IgnoreNormalsForChartDetection: 0
  m_ImportantGI: 0
  m_SelectedWireframeHidden: 1
  m_MinimumChartSize: 4
  m_AutoUVMaxDistance: 0.5
  m_AutoUVMaxAngle: 89
  m_LightmapParameters: {fileID: 0}
  m_SortingLayerID: 0
  m_SortingOrder: 1
  m_Sprite: {fileID: 21300000, guid: ea6f0feffd1fc45db9d20246e73d4288, type: 3}
  m_Color: {r: 1, g: 1, b: 1, a: 1}
  m_FlipX: 0
  m_FlipY: 0
