%YAML 1.1
%TAG !u! tag:unity3d.com,2011:
--- !u!1001 &100100000
Prefab:
  m_ObjectHideFlags: 1
  serializedVersion: 2
  m_Modification:
    m_TransformParent: {fileID: 0}
    m_Modifications: []
    m_RemovedComponents: []
  m_ParentPrefab: {fileID: 0}
  m_RootGameObject: {fileID: 1000011063690130}
  m_IsPrefabParent: 1
--- !u!1 &1000011063690130
GameObject:
  m_ObjectHideFlags: 0
  m_PrefabParentObject: {fileID: 0}
  m_PrefabInternal: {fileID: 100100000}
  serializedVersion: 4
  m_Component:
  - 4: {fileID: 4000013776531170}
  - 114: {fileID: 114000012524343810}
  - 212: {fileID: 212000012792905242}
  - 60: {fileID: 60000014007062564}
  m_Layer: 0
  m_Name: obj_14_38_jeanbob
  m_TagString: Untagged
  m_Icon: {fileID: 0}
  m_NavMeshLayer: 0
  m_StaticEditorFlags: 0
  m_IsActive: 1
--- !u!4 &4000013776531170
Transform:
  m_ObjectHideFlags: 1
  m_PrefabParentObject: {fileID: 0}
  m_PrefabInternal: {fileID: 100100000}
  m_GameObject: {fileID: 1000011063690130}
  m_LocalRotation: {x: 0, y: 0, z: 0, w: 1}
  m_LocalPosition: {x: 0, y: 0, z: 0}
  m_LocalScale: {x: 1, y: 1, z: 1}
  m_LocalEulerAnglesHint: {x: 0, y: 0, z: 0}
  m_Children: []
  m_Father: {fileID: 0}
  m_RootOrder: 0
--- !u!60 &60000014007062564
PolygonCollider2D:
  m_ObjectHideFlags: 1
  m_PrefabParentObject: {fileID: 0}
  m_PrefabInternal: {fileID: 100100000}
  m_GameObject: {fileID: 1000011063690130}
  m_Enabled: 1
  m_Density: 1
  m_Material: {fileID: 0}
  m_IsTrigger: 0
  m_UsedByEffector: 0
  m_Offset: {x: 0, y: 0}
  m_Points:
    m_Paths:
    - - {x: 0.28066406, y: -0.6361719}
      - {x: 0.48648438, y: -0.52390623}
      - {x: 1.0291016, y: -0.07484375}
      - {x: 1.3658984, y: 0.07484375}
      - {x: 1.4220313, y: 0.1496875}
      - {x: 1.4220313, y: 0.31808594}
      - {x: 1.216211, y: 0.4116406}
      - {x: 1.0478125, y: 0.28066406}
      - {x: 0.71101564, y: -0.07484375}
      - {x: 0.5426172, y: -0.26195312}
      - {x: 0.5613281, y: 0.22453125}
      - {x: 0.72972655, y: 0.13097656}
      - {x: 0.8607031, y: 0.112265624}
      - {x: 0.97296876, y: 0.24324219}
      - {x: 0.99167967, y: 0.35550782}
      - {x: 0.898125, y: 0.4490625}
      - {x: 0.5800391, y: 0.6548828}
      - {x: 0.5800391, y: 1.0291016}
      - {x: 0.5613281, y: 1.1413672}
      - {x: 0.4490625, y: 1.2723438}
      - {x: 0.39292967, y: 1.3471875}
      - {x: 0.22453125, y: 1.3097656}
      - {x: -0.07484375, y: 1.1600782}
      - {x: -0.28066406, y: 1.4033203}
      - {x: -0.5613281, y: 1.5530078}
      - {x: -0.76714844, y: 1.5530078}
      - {x: -0.9355469, y: 1.4781641}
      - {x: -1.216211, y: 1.5530078}
      - {x: -1.3097656, y: 1.4033203}
      - {x: -1.3846093, y: 1.216211}
      - {x: -1.3846093, y: 1.0103906}
      - {x: -1.3658984, y: 0.8794141}
      - {x: -1.1975, y: 0.46777344}
      - {x: -1.0291016, y: 0.33679688}
      - {x: -0.8794141, y: 0.16839844}
      - {x: -1.1226562, y: -0.22453125}
      - {x: -1.1226562, y: -0.43035156}
      - {x: -1.0852344, y: -0.8232812}
      - {x: -0.76714844, y: -1.1975}
      - {x: -0.59875, y: -1.1039453}
      - {x: -0.5800391, y: -0.97296876}
      - {x: -0.8045703, y: -0.8045703}
      - {x: -0.6548828, y: -0.8045703}
      - {x: -0.18710938, y: -0.8232812}
      - {x: -0.018710937, y: -0.9355469}
      - {x: -0.299375, y: -1.3846093}
      - {x: -0.33679688, y: -1.5342969}
      - {x: -0.33679688, y: -1.7214062}
      - {x: -0.24324219, y: -1.7401172}
      - {x: -0.13097656, y: -1.7401172}
      - {x: 0.037421875, y: -1.6091406}
      - {x: 0.056132812, y: -1.2723438}
      - {x: 0.22453125, y: -0.9168359}
    - - {x: -0.28066406, y: -0.48648438}
      - {x: -0.35550782, y: -0.4490625}
      - {x: -0.72972655, y: -0.33679688}
      - {x: -0.31808594, y: -0.43035156}
      - {x: -0.26195312, y: -0.5051953}
      - {x: -0.24324219, y: -0.5051953}
      - {x: -0.24324219, y: -0.48648438}
    - - {x: 0.299375, y: 0.4116406}
      - {x: 0.299375, y: 0.46777344}
      - {x: 0.28066406, y: 0.5800391}
      - {x: 0.299375, y: 0.39292967}
      - {x: 0.31808594, y: 0.39292967}
--- !u!114 &114000012524343810
MonoBehaviour:
  m_ObjectHideFlags: 1
  m_PrefabParentObject: {fileID: 0}
  m_PrefabInternal: {fileID: 100100000}
  m_GameObject: {fileID: 1000011063690130}
  m_Enabled: 1
  m_EditorHideFlags: 0
  m_Script: {fileID: 11500000, guid: 3d1bc3722abc24872a59b60d729fae8c, type: 3}
  m_Name: 
  m_EditorClassIdentifier: 
  objectUI: {fileID: 0}
  gameSprite: {fileID: 21300000, guid: 3c7ffbf4e35f44954800b28289d4dbef, type: 3}
  hudSprite: {fileID: 21300000, guid: 77a0fc9a3e490416f92e649c03e87a4f, type: 3}
  shadowSprite: {fileID: 21300000, guid: a7155a7f204bd4db090b23d63c17fbac, type: 3}
--- !u!212 &212000012792905242
SpriteRenderer:
  m_ObjectHideFlags: 1
  m_PrefabParentObject: {fileID: 0}
  m_PrefabInternal: {fileID: 100100000}
  m_GameObject: {fileID: 1000011063690130}
  m_Enabled: 1
  m_CastShadows: 0
  m_ReceiveShadows: 0
  m_MotionVectors: 1
  m_LightProbeUsage: 0
  m_ReflectionProbeUsage: 0
  m_Materials:
  - {fileID: 10754, guid: 0000000000000000f000000000000000, type: 0}
  m_SubsetIndices: 
  m_StaticBatchRoot: {fileID: 0}
  m_ProbeAnchor: {fileID: 0}
  m_LightProbeVolumeOverride: {fileID: 0}
  m_ScaleInLightmap: 1
  m_PreserveUVs: 0
  m_IgnoreNormalsForChartDetection: 0
  m_ImportantGI: 0
  m_SelectedWireframeHidden: 1
  m_MinimumChartSize: 4
  m_AutoUVMaxDistance: 0.5
  m_AutoUVMaxAngle: 89
  m_LightmapParameters: {fileID: 0}
  m_SortingLayerID: 0
  m_SortingOrder: 1
  m_Sprite: {fileID: 21300000, guid: 3c7ffbf4e35f44954800b28289d4dbef, type: 3}
  m_Color: {r: 1, g: 1, b: 1, a: 1}
  m_FlipX: 0
  m_FlipY: 0
