%YAML 1.1
%TAG !u! tag:unity3d.com,2011:
--- !u!1 &108546
GameObject:
  m_ObjectHideFlags: 0
  m_PrefabParentObject: {fileID: 0}
  m_PrefabInternal: {fileID: 100100000}
  serializedVersion: 4
  m_Component:
  - 4: {fileID: 452180}
  - 114: {fileID: 11494434}
  - 212: {fileID: 21279852}
  - 60: {fileID: 6010520}
  m_Layer: 0
  m_Name: obj_07_12_coroa
  m_TagString: Untagged
  m_Icon: {fileID: 0}
  m_NavMeshLayer: 0
  m_StaticEditorFlags: 0
  m_IsActive: 1
--- !u!4 &452180
Transform:
  m_ObjectHideFlags: 1
  m_PrefabParentObject: {fileID: 0}
  m_PrefabInternal: {fileID: 100100000}
  m_GameObject: {fileID: 108546}
  m_LocalRotation: {x: 0, y: 0, z: 0, w: 1}
  m_LocalPosition: {x: 0, y: 0, z: 0}
  m_LocalScale: {x: 1, y: 1, z: 1}
  m_LocalEulerAnglesHint: {x: 0, y: 0, z: 0}
  m_Children: []
  m_Father: {fileID: 0}
  m_RootOrder: 0
--- !u!60 &6010520
PolygonCollider2D:
  m_ObjectHideFlags: 1
  m_PrefabParentObject: {fileID: 0}
  m_PrefabInternal: {fileID: 100100000}
  m_GameObject: {fileID: 108546}
  m_Enabled: 1
  m_Density: 1
  m_Material: {fileID: 0}
  m_IsTrigger: 0
  m_UsedByEffector: 0
  m_Offset: {x: 0, y: 0}
  m_Points:
    m_Paths:
    - - {x: 0.61871094, y: -0.57921875}
      - {x: 0.7371875, y: -0.4870703}
      - {x: 0.92148435, y: -0.46074218}
      - {x: 1.0267968, y: -0.39492187}
      - {x: 1.1716015, y: -0.22378905}
      - {x: 1.2374219, y: -0.07898437}
      - {x: 1.2505859, y: 0.13164061}
      - {x: 1.276914, y: 0.23695311}
      - {x: 1.276914, y: 0.32910156}
      - {x: 1.2374219, y: 0.35542968}
      - {x: 1.1452734, y: 0.35542968}
      - {x: 0.94781244, y: 0.3422656}
      - {x: 0.9741406, y: 0.631875}
      - {x: 0.7240234, y: 0.8030078}
      - {x: 0.5923828, y: 0.8161718}
      - {x: 0.5528906, y: 0.7371875}
      - {x: 0.47390622, y: 0.56605464}
      - {x: 0.06582031, y: 0.6845312}
      - {x: -0.026328124, y: 0.88199216}
      - {x: -0.09214844, y: 0.9741406}
      - {x: -0.1711328, y: 0.9741406}
      - {x: -0.53972656, y: 0.88199216}
      - {x: -0.645039, y: 0.78984374}
      - {x: -0.60554683, y: 0.56605464}
      - {x: -0.7240234, y: 0.42125}
      - {x: -0.88199216, y: 0.46074218}
      - {x: -0.96097654, y: 0.631875}
      - {x: -1.26375, y: 0.57921875}
      - {x: -1.3558984, y: 0.4475781}
      - {x: -1.3558984, y: 0.39492187}
      - {x: -1.1716015, y: 0.07898437}
      - {x: -1.1584375, y: -0.210625}
      - {x: -1.0794531, y: -0.43441406}
      - {x: -0.8293359, y: -0.57921875}
      - {x: -0.5528906, y: -0.631875}
      - {x: -0.4080859, y: -0.645039}
      - {x: -0.18429688, y: -0.645039}
      - {x: 0, y: -0.61871094}
      - {x: 0.039492186, y: -0.645039}
      - {x: 0.3422656, y: -0.645039}
    - - {x: -0.35542968, y: 0.013164062}
      - {x: -0.35542968, y: 0}
      - {x: -0.3159375, y: 0.013164062}
      - {x: 0.06582031, y: 0.09214844}
--- !u!114 &11494434
MonoBehaviour:
  m_ObjectHideFlags: 1
  m_PrefabParentObject: {fileID: 0}
  m_PrefabInternal: {fileID: 100100000}
  m_GameObject: {fileID: 108546}
  m_Enabled: 1
  m_EditorHideFlags: 0
  m_Script: {fileID: 11500000, guid: 3d1bc3722abc24872a59b60d729fae8c, type: 3}
  m_Name: 
  m_EditorClassIdentifier: 
  objectUI: {fileID: 0}
  gameSprite: {fileID: 21300000, guid: 6eab44eae2a80492797028f1d20bcfdf, type: 3}
  hudSprite: {fileID: 21300000, guid: 398697dff3c414bd488ec7a96d7b56b0, type: 3}
  shadowSprite: {fileID: 21300000, guid: 3eb9dec1662174465919425c1995debe, type: 3}
--- !u!212 &21279852
SpriteRenderer:
  m_ObjectHideFlags: 1
  m_PrefabParentObject: {fileID: 0}
  m_PrefabInternal: {fileID: 100100000}
  m_GameObject: {fileID: 108546}
  m_Enabled: 1
  m_CastShadows: 0
  m_ReceiveShadows: 0
  m_Materials:
  - {fileID: 10754, guid: 0000000000000000e000000000000000, type: 0}
  m_SubsetIndices: 
  m_StaticBatchRoot: {fileID: 0}
  m_UseLightProbes: 0
  m_ReflectionProbeUsage: 0
  m_ProbeAnchor: {fileID: 0}
  m_ScaleInLightmap: 1
  m_PreserveUVs: 0
  m_IgnoreNormalsForChartDetection: 0
  m_ImportantGI: 0
  m_MinimumChartSize: 4
  m_AutoUVMaxDistance: 0.5
  m_AutoUVMaxAngle: 89
  m_LightmapParameters: {fileID: 0}
  m_SortingLayerID: 0
  m_SortingOrder: 1
  m_Sprite: {fileID: 21300000, guid: 6eab44eae2a80492797028f1d20bcfdf, type: 3}
  m_Color: {r: 1, g: 1, b: 1, a: 1}
  m_FlipX: 0
  m_FlipY: 0
--- !u!1001 &100100000
Prefab:
  m_ObjectHideFlags: 1
  serializedVersion: 2
  m_Modification:
    m_TransformParent: {fileID: 0}
    m_Modifications: []
    m_RemovedComponents: []
  m_ParentPrefab: {fileID: 0}
  m_RootGameObject: {fileID: 108546}
  m_IsPrefabParent: 1
