%YAML 1.1
%TAG !u! tag:unity3d.com,2011:
--- !u!1001 &100100000
Prefab:
  m_ObjectHideFlags: 1
  serializedVersion: 2
  m_Modification:
    m_TransformParent: {fileID: 0}
    m_Modifications: []
    m_RemovedComponents: []
  m_ParentPrefab: {fileID: 0}
  m_RootGameObject: {fileID: 1000013899714776}
  m_IsPrefabParent: 1
--- !u!1 &1000013899714776
GameObject:
  m_ObjectHideFlags: 0
  m_PrefabParentObject: {fileID: 0}
  m_PrefabInternal: {fileID: 100100000}
  serializedVersion: 4
  m_Component:
  - 4: {fileID: 4000010889324356}
  - 114: {fileID: 114000011749103354}
  - 212: {fileID: 212000011905157158}
  - 60: {fileID: 60000010049642730}
  m_Layer: 0
  m_Name: obj_13_25_bota
  m_TagString: Untagged
  m_Icon: {fileID: 0}
  m_NavMeshLayer: 0
  m_StaticEditorFlags: 0
  m_IsActive: 1
--- !u!4 &4000010889324356
Transform:
  m_ObjectHideFlags: 1
  m_PrefabParentObject: {fileID: 0}
  m_PrefabInternal: {fileID: 100100000}
  m_GameObject: {fileID: 1000013899714776}
  m_LocalRotation: {x: 0, y: 0, z: 0, w: 1}
  m_LocalPosition: {x: 0, y: 0, z: 0}
  m_LocalScale: {x: 1, y: 1, z: 1}
  m_LocalEulerAnglesHint: {x: 0, y: 0, z: 0}
  m_Children: []
  m_Father: {fileID: 0}
  m_RootOrder: 0
--- !u!60 &60000010049642730
PolygonCollider2D:
  m_ObjectHideFlags: 1
  m_PrefabParentObject: {fileID: 0}
  m_PrefabInternal: {fileID: 100100000}
  m_GameObject: {fileID: 1000013899714776}
  m_Enabled: 1
  m_Density: 1
  m_Material: {fileID: 0}
  m_IsTrigger: 0
  m_UsedByEffector: 0
  m_Offset: {x: 0, y: 0}
  m_Points:
    m_Paths:
    - - {x: 1.42, y: -1}
      - {x: 1.26, y: -0.84}
      - {x: 0.91999996, y: -0.64}
      - {x: 0.48, y: -0.53999996}
      - {x: 0.48, y: -0.34}
      - {x: 0.52, y: -0.14}
      - {x: 0.52, y: 0.16}
      - {x: 0.59999996, y: 0.39999998}
      - {x: 0.68, y: 0.65999997}
      - {x: 0.68, y: 1}
      - {x: 0.79999995, y: 1.28}
      - {x: 0.82, y: 1.54}
      - {x: 0.68, y: 1.74}
      - {x: -0.24, y: 1.92}
      - {x: -0.96, y: 1.92}
      - {x: -0.97999996, y: 1.9399999}
      - {x: -1.24, y: 1.9399999}
      - {x: -1.38, y: 1.88}
      - {x: -1.5999999, y: 1.68}
      - {x: -1.64, y: 1.4599999}
      - {x: -1.62, y: 1.4}
      - {x: -1.56, y: 1.4}
      - {x: -1.5999999, y: 1.28}
      - {x: -1.3199999, y: 1.0799999}
      - {x: -1.22, y: 0.84}
      - {x: -1.14, y: 0.68}
      - {x: -1.14, y: -0.17999999}
      - {x: -1.22, y: -0.39999998}
      - {x: -1.3, y: -0.58}
      - {x: -1.3, y: -1.12}
      - {x: -1.26, y: -1.26}
      - {x: -1.3, y: -1.4599999}
      - {x: -1.3399999, y: -1.54}
      - {x: -1.06, y: -1.7199999}
      - {x: -0.94, y: -1.7199999}
      - {x: -0.52, y: -1.76}
      - {x: -0.06, y: -1.9599999}
      - {x: 0.16, y: -2.04}
      - {x: 0.85999995, y: -2.04}
      - {x: 1.38, y: -2}
      - {x: 1.54, y: -1.8399999}
      - {x: 1.54, y: -1.26}
--- !u!114 &114000011749103354
MonoBehaviour:
  m_ObjectHideFlags: 1
  m_PrefabParentObject: {fileID: 0}
  m_PrefabInternal: {fileID: 100100000}
  m_GameObject: {fileID: 1000013899714776}
  m_Enabled: 1
  m_EditorHideFlags: 0
  m_Script: {fileID: 11500000, guid: 3d1bc3722abc24872a59b60d729fae8c, type: 3}
  m_Name: 
  m_EditorClassIdentifier: 
  objectUI: {fileID: 0}
  gameSprite: {fileID: 21300000, guid: 2aa15d904bc3344a288063824490fcc0, type: 3}
  hudSprite: {fileID: 21300000, guid: e702f8634ec4846d3b5a2a0bfa3bf3e3, type: 3}
  shadowSprite: {fileID: 21300000, guid: 1d0f09553ac8b4c948030e6a9d420965, type: 3}
--- !u!212 &212000011905157158
SpriteRenderer:
  m_ObjectHideFlags: 1
  m_PrefabParentObject: {fileID: 0}
  m_PrefabInternal: {fileID: 100100000}
  m_GameObject: {fileID: 1000013899714776}
  m_Enabled: 1
  m_CastShadows: 0
  m_ReceiveShadows: 0
  m_MotionVectors: 1
  m_LightProbeUsage: 0
  m_ReflectionProbeUsage: 0
  m_Materials:
  - {fileID: 10754, guid: 0000000000000000f000000000000000, type: 0}
  m_SubsetIndices: 
  m_StaticBatchRoot: {fileID: 0}
  m_ProbeAnchor: {fileID: 0}
  m_LightProbeVolumeOverride: {fileID: 0}
  m_ScaleInLightmap: 1
  m_PreserveUVs: 0
  m_IgnoreNormalsForChartDetection: 0
  m_ImportantGI: 0
  m_SelectedWireframeHidden: 1
  m_MinimumChartSize: 4
  m_AutoUVMaxDistance: 0.5
  m_AutoUVMaxAngle: 89
  m_LightmapParameters: {fileID: 0}
  m_SortingLayerID: 0
  m_SortingOrder: 1
  m_Sprite: {fileID: 21300000, guid: 2aa15d904bc3344a288063824490fcc0, type: 3}
  m_Color: {r: 1, g: 1, b: 1, a: 1}
  m_FlipX: 0
  m_FlipY: 0
