%YAML 1.1
%TAG !u! tag:unity3d.com,2011:
--- !u!1001 &100100000
Prefab:
  m_ObjectHideFlags: 1
  serializedVersion: 2
  m_Modification:
    m_TransformParent: {fileID: 0}
    m_Modifications: []
    m_RemovedComponents: []
  m_ParentPrefab: {fileID: 0}
  m_RootGameObject: {fileID: 1662210214080202}
  m_IsPrefabParent: 1
--- !u!1 &1662210214080202
GameObject:
  m_ObjectHideFlags: 0
  m_PrefabParentObject: {fileID: 0}
  m_PrefabInternal: {fileID: 100100000}
  serializedVersion: 5
  m_Component:
  - component: {fileID: 4942071988959694}
  - component: {fileID: 114638001982462098}
  - component: {fileID: 212072091604286728}
  - component: {fileID: 60028606999631042}
  m_Layer: 0
  m_Name: obj_19_40_puffin
  m_TagString: Untagged
  m_Icon: {fileID: 0}
  m_NavMeshLayer: 0
  m_StaticEditorFlags: 0
  m_IsActive: 1
--- !u!4 &4942071988959694
Transform:
  m_ObjectHideFlags: 1
  m_PrefabParentObject: {fileID: 0}
  m_PrefabInternal: {fileID: 100100000}
  m_GameObject: {fileID: 1662210214080202}
  m_LocalRotation: {x: 0, y: 0, z: 0, w: 1}
  m_LocalPosition: {x: 0, y: 0, z: 0}
  m_LocalScale: {x: 1, y: 1, z: 1}
  m_Children: []
  m_Father: {fileID: 0}
  m_RootOrder: 0
  m_LocalEulerAnglesHint: {x: 0, y: 0, z: 0}
--- !u!60 &60028606999631042
PolygonCollider2D:
  m_ObjectHideFlags: 1
  m_PrefabParentObject: {fileID: 0}
  m_PrefabInternal: {fileID: 100100000}
  m_GameObject: {fileID: 1662210214080202}
  m_Enabled: 1
  m_Density: 1
  m_Material: {fileID: 0}
  m_IsTrigger: 0
  m_UsedByEffector: 0
  m_Offset: {x: 0, y: 0}
  m_Points:
    m_Paths:
    - - {x: 0.8335938, y: -1.4246875}
      - {x: 0.60625005, y: -1.151875}
      - {x: 0.46984378, y: -1.030625}
      - {x: 0.424375, y: -0.84875}
      - {x: 0.39406252, y: -0.6517188}
      - {x: 0.424375, y: -0.53046876}
      - {x: 0.46984378, y: -0.27281252}
      - {x: 0.46984378, y: 0.27281252}
      - {x: 0.666875, y: 0}
      - {x: 0.87906253, y: -0.56078124}
      - {x: 0.7578125, y: -0.7578125}
      - {x: 0.8184375, y: -0.87906253}
      - {x: 1.0003126, y: -0.9245313}
      - {x: 1.1670313, y: -0.7275}
      - {x: 1.1973438, y: -0.60625005}
      - {x: 1.1973438, y: -0.27281252}
      - {x: 1.1367188, y: -0.075781256}
      - {x: 0.77296877, y: 0.4546875}
      - {x: 0.6517188, y: 0.5759375}
      - {x: 0.4546875, y: 0.6820313}
      - {x: 0.28796875, y: 0.78812504}
      - {x: 0.19703126, y: 1.0457813}
      - {x: 0.181875, y: 1.5004689}
      - {x: 0.12125, y: 1.6217188}
      - {x: -0.075781256, y: 1.8035938}
      - {x: -0.3334375, y: 1.9096875}
      - {x: -0.53046876, y: 1.9248438}
      - {x: -0.7275, y: 1.9248438}
      - {x: -0.84875, y: 1.8793751}
      - {x: -1.1973438, y: 1.6975}
      - {x: -1.3185937, y: 1.6217188}
      - {x: -1.2428125, y: 1.2579688}
      - {x: -1.273125, y: 0.97}
      - {x: -1.1973438, y: 0.84875}
      - {x: -0.95484376, y: 0.60625005}
      - {x: -1.2276562, y: 0.3334375}
      - {x: -1.3185937, y: 0.0909375}
      - {x: -1.3489063, y: -0.0909375}
      - {x: -1.3792188, y: -0.28796875}
      - {x: -1.3792188, y: -0.62140626}
      - {x: -1.2428125, y: -0.8942188}
      - {x: -1.1821876, y: -1.0003126}
      - {x: -0.9851563, y: -0.909375}
      - {x: -1.030625, y: -0.5001563}
      - {x: -0.93968755, y: 0.10609375}
      - {x: -0.84875, y: -0.10609375}
      - {x: -0.69718754, y: -0.43953127}
      - {x: -0.37890625, y: -0.97}
      - {x: -0.2121875, y: -1.0760938}
      - {x: -0.31828126, y: -1.1367188}
      - {x: -0.69718754, y: -1.151875}
      - {x: -0.77296877, y: -1.2125001}
      - {x: -1.0003126, y: -1.3489063}
      - {x: -0.95484376, y: -1.4398438}
      - {x: -0.69718754, y: -1.4398438}
      - {x: -0.5910938, y: -1.5307813}
      - {x: -0.43953127, y: -1.515625}
      - {x: -0.0909375, y: -1.3640625}
      - {x: -0.01515625, y: -1.3185937}
      - {x: 0.01515625, y: -1.1670313}
      - {x: -0.04546875, y: -1.0154688}
      - {x: 0.16671875, y: -1.0912501}
      - {x: 0.31828126, y: -1.1215625}
      - {x: 0.39406252, y: -1.2882813}
      - {x: 0.25765625, y: -1.5762501}
      - {x: 0.31828126, y: -1.7429688}
      - {x: 0.60625005, y: -1.7581251}
      - {x: 0.666875, y: -1.81875}
      - {x: 0.69718754, y: -1.8339063}
      - {x: 0.77296877, y: -1.8339063}
      - {x: 0.86390626, y: -1.6823438}
      - {x: 1.030625, y: -1.6823438}
      - {x: 1.0760938, y: -1.5914063}
--- !u!114 &114638001982462098
MonoBehaviour:
  m_ObjectHideFlags: 1
  m_PrefabParentObject: {fileID: 0}
  m_PrefabInternal: {fileID: 100100000}
  m_GameObject: {fileID: 1662210214080202}
  m_Enabled: 1
  m_EditorHideFlags: 0
  m_Script: {fileID: 11500000, guid: 3d1bc3722abc24872a59b60d729fae8c, type: 3}
  m_Name: 
  m_EditorClassIdentifier: 
  objectUI: {fileID: 0}
  gameSprite: {fileID: 21300000, guid: f0463cb81abe14eb2bed739c2f6dfa3b, type: 3}
  hudSprite: {fileID: 21300000, guid: bea86b117b2cb499fb98e216a2656cf9, type: 3}
  shadowSprite: {fileID: 21300000, guid: 3f86bf4385b61458ab8fc507cffd48c9, type: 3}
--- !u!212 &212072091604286728
SpriteRenderer:
  m_ObjectHideFlags: 1
  m_PrefabParentObject: {fileID: 0}
  m_PrefabInternal: {fileID: 100100000}
  m_GameObject: {fileID: 1662210214080202}
  m_Enabled: 1
  m_CastShadows: 0
  m_ReceiveShadows: 0
  m_MotionVectors: 1
  m_LightProbeUsage: 0
  m_ReflectionProbeUsage: 0
  m_Materials:
  - {fileID: 10754, guid: 0000000000000000f000000000000000, type: 0}
  m_StaticBatchInfo:
    firstSubMesh: 0
    subMeshCount: 0
  m_StaticBatchRoot: {fileID: 0}
  m_ProbeAnchor: {fileID: 0}
  m_LightProbeVolumeOverride: {fileID: 0}
  m_ScaleInLightmap: 1
  m_PreserveUVs: 0
  m_IgnoreNormalsForChartDetection: 0
  m_ImportantGI: 0
  m_SelectedEditorRenderState: 0
  m_MinimumChartSize: 4
  m_AutoUVMaxDistance: 0.5
  m_AutoUVMaxAngle: 89
  m_LightmapParameters: {fileID: 0}
  m_SortingLayerID: 0
  m_SortingOrder: 1
  m_Sprite: {fileID: 21300000, guid: f0463cb81abe14eb2bed739c2f6dfa3b, type: 3}
  m_Color: {r: 1, g: 1, b: 1, a: 1}
  m_FlipX: 0
  m_FlipY: 0
