%YAML 1.1
%TAG !u! tag:unity3d.com,2011:
--- !u!1 &190308
GameObject:
  m_ObjectHideFlags: 0
  m_PrefabParentObject: {fileID: 0}
  m_PrefabInternal: {fileID: 100100000}
  serializedVersion: 4
  m_Component:
  - 4: {fileID: 491276}
  - 114: {fileID: 11460432}
  - 212: {fileID: 21201612}
  - 60: {fileID: 6022162}
  m_Layer: 0
  m_Name: obj_07_18_martelo
  m_TagString: Untagged
  m_Icon: {fileID: 0}
  m_NavMeshLayer: 0
  m_StaticEditorFlags: 0
  m_IsActive: 1
--- !u!4 &491276
Transform:
  m_ObjectHideFlags: 1
  m_PrefabParentObject: {fileID: 0}
  m_PrefabInternal: {fileID: 100100000}
  m_GameObject: {fileID: 190308}
  m_LocalRotation: {x: 0, y: 0, z: 0, w: 1}
  m_LocalPosition: {x: 0, y: 0, z: 0}
  m_LocalScale: {x: 1, y: 1, z: 1}
  m_LocalEulerAnglesHint: {x: 0, y: 0, z: 0}
  m_Children: []
  m_Father: {fileID: 0}
  m_RootOrder: 0
--- !u!60 &6022162
PolygonCollider2D:
  m_ObjectHideFlags: 1
  m_PrefabParentObject: {fileID: 0}
  m_PrefabInternal: {fileID: 100100000}
  m_GameObject: {fileID: 190308}
  m_Enabled: 1
  m_Density: 1
  m_Material: {fileID: 0}
  m_IsTrigger: 0
  m_UsedByEffector: 0
  m_Offset: {x: 0, y: 0}
  m_Points:
    m_Paths:
    - - {x: 1.5580469, y: -0.5246485}
      - {x: 1.5580469, y: -0.11128907}
      - {x: 1.5421485, y: 0.14308594}
      - {x: 1.3513672, y: 0.4133594}
      - {x: 1.2559766, y: 0.36566406}
      - {x: 1.303672, y: 0}
      - {x: 1.1923828, y: -0.11128907}
      - {x: 0.90621096, y: -0.09539063}
      - {x: 0.23847657, y: 0.22257814}
      - {x: -0.14308594, y: 0.47695315}
      - {x: -0.79492193, y: 0.79492193}
      - {x: -1.0810938, y: 1.0333985}
      - {x: -1.160586, y: 1.049297}
      - {x: -1.3672657, y: 1.049297}
      - {x: -1.3990625, y: 1.0175}
      - {x: -1.5421485, y: 0.8585157}
      - {x: -1.5421485, y: 0.7313281}
      - {x: -1.4626563, y: 0.6200391}
      - {x: -0.9857032, y: 0.39746097}
      - {x: -0.57234377, y: 0.14308594}
      - {x: 0.17488281, y: -0.23847657}
      - {x: 0.5246485, y: -0.50875}
      - {x: 0.06359375, y: -0.7313281}
      - {x: 0.047695316, y: -0.93800783}
      - {x: 0.1271875, y: -1.1128907}
      - {x: 0.30207032, y: -1.2400782}
      - {x: 0.4133594, y: -1.2400782}
      - {x: 0.90621096, y: -0.9221094}
      - {x: 1.160586, y: -0.90621096}
      - {x: 1.3672657, y: -0.79492193}
--- !u!114 &11460432
MonoBehaviour:
  m_ObjectHideFlags: 1
  m_PrefabParentObject: {fileID: 0}
  m_PrefabInternal: {fileID: 100100000}
  m_GameObject: {fileID: 190308}
  m_Enabled: 1
  m_EditorHideFlags: 0
  m_Script: {fileID: 11500000, guid: 3d1bc3722abc24872a59b60d729fae8c, type: 3}
  m_Name: 
  m_EditorClassIdentifier: 
  objectUI: {fileID: 0}
  gameSprite: {fileID: 21300000, guid: f31507d6511444ed895548afa338c266, type: 3}
  hudSprite: {fileID: 21300000, guid: 73e587677f1f748f293f4ab83b608a62, type: 3}
  shadowSprite: {fileID: 21300000, guid: 685c98f00c3ce4ca983b25acc460c9a8, type: 3}
--- !u!212 &21201612
SpriteRenderer:
  m_ObjectHideFlags: 1
  m_PrefabParentObject: {fileID: 0}
  m_PrefabInternal: {fileID: 100100000}
  m_GameObject: {fileID: 190308}
  m_Enabled: 1
  m_CastShadows: 0
  m_ReceiveShadows: 0
  m_Materials:
  - {fileID: 10754, guid: 0000000000000000e000000000000000, type: 0}
  m_SubsetIndices: 
  m_StaticBatchRoot: {fileID: 0}
  m_UseLightProbes: 0
  m_ReflectionProbeUsage: 0
  m_ProbeAnchor: {fileID: 0}
  m_ScaleInLightmap: 1
  m_PreserveUVs: 0
  m_IgnoreNormalsForChartDetection: 0
  m_ImportantGI: 0
  m_MinimumChartSize: 4
  m_AutoUVMaxDistance: 0.5
  m_AutoUVMaxAngle: 89
  m_LightmapParameters: {fileID: 0}
  m_SortingLayerID: 0
  m_SortingOrder: 1
  m_Sprite: {fileID: 21300000, guid: f31507d6511444ed895548afa338c266, type: 3}
  m_Color: {r: 1, g: 1, b: 1, a: 1}
  m_FlipX: 0
  m_FlipY: 0
--- !u!1001 &100100000
Prefab:
  m_ObjectHideFlags: 1
  serializedVersion: 2
  m_Modification:
    m_TransformParent: {fileID: 0}
    m_Modifications: []
    m_RemovedComponents: []
  m_ParentPrefab: {fileID: 0}
  m_RootGameObject: {fileID: 190308}
  m_IsPrefabParent: 1
