%YAML 1.1
%TAG !u! tag:unity3d.com,2011:
--- !u!1 &178044
GameObject:
  m_ObjectHideFlags: 0
  m_PrefabParentObject: {fileID: 0}
  m_PrefabInternal: {fileID: 100100000}
  serializedVersion: 4
  m_Component:
  - 4: {fileID: 466042}
  - 114: {fileID: 11454202}
  - 212: {fileID: 21291394}
  - 60: {fileID: 6026834}
  m_Layer: 0
  m_Name: obj_09_03_machado
  m_TagString: Untagged
  m_Icon: {fileID: 0}
  m_NavMeshLayer: 0
  m_StaticEditorFlags: 0
  m_IsActive: 1
--- !u!4 &466042
Transform:
  m_ObjectHideFlags: 1
  m_PrefabParentObject: {fileID: 0}
  m_PrefabInternal: {fileID: 100100000}
  m_GameObject: {fileID: 178044}
  m_LocalRotation: {x: 0, y: 0, z: 0, w: 1}
  m_LocalPosition: {x: 0, y: 0, z: 0}
  m_LocalScale: {x: 1, y: 1, z: 1}
  m_LocalEulerAnglesHint: {x: 0, y: 0, z: 0}
  m_Children: []
  m_Father: {fileID: 0}
  m_RootOrder: 0
--- !u!60 &6026834
PolygonCollider2D:
  m_ObjectHideFlags: 1
  m_PrefabParentObject: {fileID: 0}
  m_PrefabInternal: {fileID: 100100000}
  m_GameObject: {fileID: 178044}
  m_Enabled: 1
  m_Density: 1
  m_Material: {fileID: 0}
  m_IsTrigger: 0
  m_UsedByEffector: 0
  m_Offset: {x: 0, y: 0}
  m_Points:
    m_Paths:
    - - {x: 0.1276172, y: -0.56847656}
      - {x: -0.0928125, y: -0.5800781}
      - {x: 0.011601563, y: -0.44085938}
      - {x: 0.10441406, y: -0.30164063}
      - {x: 0.38285157, y: -0.023203125}
      - {x: 0.7541016, y: 0.3364453}
      - {x: 0.928125, y: 0.48726562}
      - {x: 1.2297657, y: 0.69609374}
      - {x: 1.2297657, y: 0.9397266}
      - {x: 1.1021484, y: 1.1021484}
      - {x: 0.928125, y: 1.1021484}
      - {x: 0.84691405, y: 1.0557421}
      - {x: 0.6844922, y: 0.80050784}
      - {x: 0.22042969, y: 0.2784375}
      - {x: -0.011601563, y: 0.04640625}
      - {x: -0.39445314, y: -0.2784375}
      - {x: -0.47566408, y: -0.08121094}
      - {x: -0.48726562, y: 0.22042969}
      - {x: -0.5104688, y: 0.26683593}
      - {x: -0.6612891, y: 0.24363281}
      - {x: -0.8353125, y: 0.17402343}
      - {x: -1.0209376, y: 0.08121094}
      - {x: -1.299375, y: -0.17402343}
      - {x: -1.3921875, y: -0.32484376}
      - {x: -1.3921875, y: -0.45246094}
      - {x: -1.3689843, y: -0.5220703}
      - {x: -1.0557421, y: -0.6844922}
      - {x: -1.0789453, y: -0.8121094}
      - {x: -0.8585156, y: -1.0441406}
      - {x: -0.76570314, y: -1.0557421}
      - {x: -0.7541016, y: -1.194961}
      - {x: -0.7425, y: -1.2181641}
      - {x: -0.5800781, y: -1.2181641}
      - {x: -0.023203125, y: -1.11375}
      - {x: 0.04640625, y: -1.0325391}
      - {x: 0.16242188, y: -0.69609374}
--- !u!114 &11454202
MonoBehaviour:
  m_ObjectHideFlags: 1
  m_PrefabParentObject: {fileID: 0}
  m_PrefabInternal: {fileID: 100100000}
  m_GameObject: {fileID: 178044}
  m_Enabled: 1
  m_EditorHideFlags: 0
  m_Script: {fileID: 11500000, guid: 3d1bc3722abc24872a59b60d729fae8c, type: 3}
  m_Name: 
  m_EditorClassIdentifier: 
  objectUI: {fileID: 0}
  gameSprite: {fileID: 21300000, guid: 4bf1fd23463e44cf7819183bedcda5c7, type: 3}
  hudSprite: {fileID: 21300000, guid: ceb54ba2829854490bcb8984fdeaba14, type: 3}
  shadowSprite: {fileID: 21300000, guid: 7a3a5c17f290647e7b3d6b893c6d32e6, type: 3}
--- !u!212 &21291394
SpriteRenderer:
  m_ObjectHideFlags: 1
  m_PrefabParentObject: {fileID: 0}
  m_PrefabInternal: {fileID: 100100000}
  m_GameObject: {fileID: 178044}
  m_Enabled: 1
  m_CastShadows: 0
  m_ReceiveShadows: 0
  m_Materials:
  - {fileID: 10754, guid: 0000000000000000e000000000000000, type: 0}
  m_SubsetIndices: 
  m_StaticBatchRoot: {fileID: 0}
  m_UseLightProbes: 0
  m_ReflectionProbeUsage: 0
  m_ProbeAnchor: {fileID: 0}
  m_ScaleInLightmap: 1
  m_PreserveUVs: 0
  m_IgnoreNormalsForChartDetection: 0
  m_ImportantGI: 0
  m_MinimumChartSize: 4
  m_AutoUVMaxDistance: 0.5
  m_AutoUVMaxAngle: 89
  m_LightmapParameters: {fileID: 0}
  m_SortingLayerID: 0
  m_SortingOrder: 1
  m_Sprite: {fileID: 21300000, guid: 4bf1fd23463e44cf7819183bedcda5c7, type: 3}
  m_Color: {r: 1, g: 1, b: 1, a: 1}
  m_FlipX: 0
  m_FlipY: 0
--- !u!1001 &100100000
Prefab:
  m_ObjectHideFlags: 1
  serializedVersion: 2
  m_Modification:
    m_TransformParent: {fileID: 0}
    m_Modifications: []
    m_RemovedComponents: []
  m_ParentPrefab: {fileID: 0}
  m_RootGameObject: {fileID: 178044}
  m_IsPrefabParent: 1
