%YAML 1.1
%TAG !u! tag:unity3d.com,2011:
--- !u!1 &159802
GameObject:
  m_ObjectHideFlags: 0
  m_PrefabParentObject: {fileID: 0}
  m_PrefabInternal: {fileID: 100100000}
  serializedVersion: 4
  m_Component:
  - 4: {fileID: 411368}
  - 114: {fileID: 11454562}
  - 212: {fileID: 21237018}
  - 60: {fileID: 6060570}
  m_Layer: 0
  m_Name: obj_02_22_colar
  m_TagString: Untagged
  m_Icon: {fileID: 0}
  m_NavMeshLayer: 0
  m_StaticEditorFlags: 0
  m_IsActive: 1
--- !u!4 &411368
Transform:
  m_ObjectHideFlags: 1
  m_PrefabParentObject: {fileID: 0}
  m_PrefabInternal: {fileID: 100100000}
  m_GameObject: {fileID: 159802}
  m_LocalRotation: {x: 0, y: 0, z: 0, w: 1}
  m_LocalPosition: {x: 20.136684, y: -7.2809005, z: 0}
  m_LocalScale: {x: 1, y: 1, z: 1}
  m_LocalEulerAnglesHint: {x: 0, y: 0, z: 0}
  m_Children: []
  m_Father: {fileID: 0}
  m_RootOrder: 0
--- !u!60 &6060570
PolygonCollider2D:
  m_ObjectHideFlags: 1
  m_PrefabParentObject: {fileID: 0}
  m_PrefabInternal: {fileID: 100100000}
  m_GameObject: {fileID: 159802}
  m_Enabled: 1
  m_Density: 1
  m_Material: {fileID: 0}
  m_IsTrigger: 0
  m_UsedByEffector: 0
  m_Offset: {x: 0, y: 0}
  m_Points:
    m_Paths:
    - - {x: 0.33257812, y: -1.2396094}
      - {x: 0.42328125, y: -1.1791406}
      - {x: 0.4686328, y: -1.0582031}
      - {x: 0.52910155, y: -0.6953906}
      - {x: 0.52910155, y: -0.06046875}
      - {x: 0.5139844, y: 0.22675781}
      - {x: 0.43839842, y: 0.28722656}
      - {x: 0.39304686, y: 0.28722656}
      - {x: 0.29253578, y: 0.28030634}
      - {x: 0.28722656, y: 0.09070312}
      - {x: 0.28722656, y: -0.18140624}
      - {x: 0.31746092, y: -0.5139844}
      - {x: 0.30234373, y: -0.60468745}
      - {x: 0.30234373, y: -0.725625}
      - {x: 0.2569922, y: -0.9675}
      - {x: 0.22675781, y: -1.0884374}
      - {x: 0.3494377, y: 0.19738531}
      - {x: 0.08666992, y: 0.21169758}
      - {x: -0.29911804, y: 0.25913048}
      - {x: -0.241875, y: -1.0582031}
      - {x: -0.27210936, y: -0.9523828}
      - {x: -0.30234373, y: -0.6953906}
      - {x: -0.31746092, y: -0.5895703}
      - {x: -0.31746092, y: -0.030234374}
      - {x: -0.30234373, y: 0.2569922}
      - {x: -0.40816405, y: 0.31746092}
      - {x: -0.48375, y: 0.31746092}
      - {x: -0.52910155, y: 0.27210936}
      - {x: -0.52910155, y: -0.725625}
      - {x: -0.4686328, y: -1.0128515}
      - {x: -0.42328125, y: -1.1337891}
      - {x: -0.33257812, y: -1.2547265}
      - {x: -0.39304686, y: -1.4361328}
      - {x: -0.3779297, y: -1.6628906}
      - {x: -0.27210936, y: -1.8140625}
      - {x: -0.15117186, y: -1.8896484}
      - {x: 0.1209375, y: -1.8896484}
      - {x: 0.19652343, y: -1.8442968}
      - {x: 0.3628125, y: -1.6628906}
      - {x: 0.3628125, y: -1.45125}
--- !u!114 &11454562
MonoBehaviour:
  m_ObjectHideFlags: 1
  m_PrefabParentObject: {fileID: 0}
  m_PrefabInternal: {fileID: 100100000}
  m_GameObject: {fileID: 159802}
  m_Enabled: 1
  m_EditorHideFlags: 0
  m_Script: {fileID: 11500000, guid: 3d1bc3722abc24872a59b60d729fae8c, type: 3}
  m_Name: 
  m_EditorClassIdentifier: 
  objectUI: {fileID: 0}
  gameSprite: {fileID: 21300000, guid: b448bf1157b3341ea837202e91f7f38a, type: 3}
  hudSprite: {fileID: 21300000, guid: 0f19b9c27c6e14919a973757983cffdb, type: 3}
  shadowSprite: {fileID: 21300000, guid: 4361a77257cce4297ac6279ced51aa48, type: 3}
--- !u!212 &21237018
SpriteRenderer:
  m_ObjectHideFlags: 1
  m_PrefabParentObject: {fileID: 0}
  m_PrefabInternal: {fileID: 100100000}
  m_GameObject: {fileID: 159802}
  m_Enabled: 1
  m_CastShadows: 0
  m_ReceiveShadows: 0
  m_Materials:
  - {fileID: 10754, guid: 0000000000000000e000000000000000, type: 0}
  m_SubsetIndices: 
  m_StaticBatchRoot: {fileID: 0}
  m_UseLightProbes: 0
  m_ReflectionProbeUsage: 0
  m_ProbeAnchor: {fileID: 0}
  m_ScaleInLightmap: 1
  m_PreserveUVs: 0
  m_IgnoreNormalsForChartDetection: 0
  m_ImportantGI: 0
  m_MinimumChartSize: 4
  m_AutoUVMaxDistance: 0.5
  m_AutoUVMaxAngle: 89
  m_LightmapParameters: {fileID: 0}
  m_SortingLayerID: 0
  m_SortingOrder: 1
  m_Sprite: {fileID: 21300000, guid: b448bf1157b3341ea837202e91f7f38a, type: 3}
  m_Color: {r: 1, g: 1, b: 1, a: 1}
  m_FlipX: 0
  m_FlipY: 0
--- !u!1001 &100100000
Prefab:
  m_ObjectHideFlags: 1
  serializedVersion: 2
  m_Modification:
    m_TransformParent: {fileID: 0}
    m_Modifications: []
    m_RemovedComponents: []
  m_ParentPrefab: {fileID: 0}
  m_RootGameObject: {fileID: 159802}
  m_IsPrefabParent: 1
