%YAML 1.1
%TAG !u! tag:unity3d.com,2011:
--- !u!1 &112364
GameObject:
  m_ObjectHideFlags: 0
  m_PrefabParentObject: {fileID: 0}
  m_PrefabInternal: {fileID: 100100000}
  serializedVersion: 4
  m_Component:
  - 4: {fileID: 489320}
  - 114: {fileID: 11492178}
  - 212: {fileID: 21262730}
  - 60: {fileID: 6049928}
  m_Layer: 0
  m_Name: obj_07_25_ossos
  m_TagString: Untagged
  m_Icon: {fileID: 0}
  m_NavMeshLayer: 0
  m_StaticEditorFlags: 0
  m_IsActive: 1
--- !u!4 &489320
Transform:
  m_ObjectHideFlags: 1
  m_PrefabParentObject: {fileID: 0}
  m_PrefabInternal: {fileID: 100100000}
  m_GameObject: {fileID: 112364}
  m_LocalRotation: {x: 0, y: 0, z: 0, w: 1}
  m_LocalPosition: {x: 0, y: 0, z: 0}
  m_LocalScale: {x: 1, y: 1, z: 1}
  m_LocalEulerAnglesHint: {x: 0, y: 0, z: 0}
  m_Children: []
  m_Father: {fileID: 0}
  m_RootOrder: 0
--- !u!60 &6049928
PolygonCollider2D:
  m_ObjectHideFlags: 1
  m_PrefabParentObject: {fileID: 0}
  m_PrefabInternal: {fileID: 100100000}
  m_GameObject: {fileID: 112364}
  m_Enabled: 1
  m_Density: 1
  m_Material: {fileID: 0}
  m_IsTrigger: 0
  m_UsedByEffector: 0
  m_Offset: {x: 0, y: 0}
  m_Points:
    m_Paths:
    - - {x: -0.019921873, y: -0.6374999}
      - {x: 0.9562499, y: -0.6374999}
      - {x: 0.9562499, y: -0.67734367}
      - {x: 1.6136717, y: -0.8167968}
      - {x: 1.8128904, y: -0.5179687}
      - {x: 1.8128904, y: -0.33867183}
      - {x: 1.713281, y: -0.23906247}
      - {x: 1.3347654, y: -0.05976562}
      - {x: 1.1753905, y: -0.05976562}
      - {x: 1.0160155, y: -0.17929685}
      - {x: 0.936328, y: -0.31874996}
      - {x: 0.5777343, y: -0.33867183}
      - {x: 0.8167968, y: -0.25898436}
      - {x: 0.7371093, y: -0.07968749}
      - {x: 0.7171874, y: -0.09960936}
      - {x: 0.8367187, y: 0}
      - {x: 1.0160155, y: 0.2191406}
      - {x: 1.0160155, y: 0.2988281}
      - {x: 0.9761718, y: 0.37851557}
      - {x: 0.75703114, y: 0.3585937}
      - {x: 0.89648426, y: 0.37851557}
      - {x: 0.9761718, y: 0.5179687}
      - {x: 0.89648426, y: 0.6374999}
      - {x: 0.9761718, y: 0.69726557}
      - {x: 1.1355468, y: 0.89648426}
      - {x: 1.1355468, y: 1.1355468}
      - {x: 1.095703, y: 1.235156}
      - {x: 0.8167968, y: 1.255078}
      - {x: 0.67734367, y: 1.2152343}
      - {x: 0.49804682, y: 1.255078}
      - {x: 0.41835934, y: 1.2949218}
      - {x: 0.15937498, y: 1.2949218}
      - {x: 0.11953124, y: 1.2749999}
      - {x: -0.15937498, y: 0.89648426}
      - {x: -0.09960936, y: 0.99609363}
      - {x: -0.039843746, y: 1.1753905}
      - {x: -0.17929685, y: 1.255078}
      - {x: -0.5976562, y: 1.1156249}
      - {x: -0.8167968, y: 0.8566405}
      - {x: -0.8566405, y: 0.31874996}
      - {x: -0.8367187, y: 0.15937498}
      - {x: -1.1554686, y: -0.05976562}
      - {x: -1.3148437, y: -0.039843746}
      - {x: -1.6535155, y: 0.05976562}
      - {x: -1.8925779, y: -0.13945311}
      - {x: -1.8925779, y: -0.7371093}
      - {x: -1.7929685, y: -0.8765624}
      - {x: -1.4144529, y: -0.9761718}
      - {x: -1.1156249, y: -0.75703114}
      - {x: -0.7371093, y: -0.7171874}
      - {x: -0.47812495, y: -0.6574218}
      - {x: -0.69726557, y: -0.91640615}
      - {x: -0.69726557, y: -1.0359374}
      - {x: -0.6374999, y: -1.1355468}
      - {x: -0.39843744, y: -1.1953124}
      - {x: -0.15937498, y: -1.1953124}
      - {x: 0, y: -1.095703}
      - {x: 0.19921872, y: -0.91640615}
      - {x: 0.09960936, y: -0.69726557}
    - - {x: -0.69726557, y: -0.27890623}
      - {x: -0.49804682, y: -0.25898436}
      - {x: -0.45820308, y: -0.2191406}
      - {x: -0.37851557, y: -0.27890623}
    - - {x: 0.47812495, y: 0.05976562}
      - {x: 0.6574218, y: 0.09960936}
      - {x: 0.55781245, y: 0.11953124}
      - {x: 0.23906247, y: 0.09960936}
      - {x: 0.23906247, y: 0.07968749}
    - - {x: -0.45820308, y: 0.89648426}
      - {x: -0.5179687, y: 0.8566405}
      - {x: -0.55781245, y: 0.7371093}
      - {x: -0.53789055, y: 0.37851557}
      - {x: -0.49804682, y: 0.37851557}
    - - {x: 0.09960936, y: 0.77695304}
      - {x: 0.11953124, y: 0.75703114}
      - {x: 0.07968749, y: 0.7171874}
      - {x: 0.09960936, y: 0.7171874}
--- !u!114 &11492178
MonoBehaviour:
  m_ObjectHideFlags: 1
  m_PrefabParentObject: {fileID: 0}
  m_PrefabInternal: {fileID: 100100000}
  m_GameObject: {fileID: 112364}
  m_Enabled: 1
  m_EditorHideFlags: 0
  m_Script: {fileID: 11500000, guid: 3d1bc3722abc24872a59b60d729fae8c, type: 3}
  m_Name: 
  m_EditorClassIdentifier: 
  objectUI: {fileID: 0}
  gameSprite: {fileID: 21300000, guid: 82d1d52689bda42d8a23063601ac8257, type: 3}
  hudSprite: {fileID: 21300000, guid: b0a348bedf888491fbe247682a7e9e90, type: 3}
  shadowSprite: {fileID: 21300000, guid: 80521d45e263544af8b6a370080c1124, type: 3}
--- !u!212 &21262730
SpriteRenderer:
  m_ObjectHideFlags: 1
  m_PrefabParentObject: {fileID: 0}
  m_PrefabInternal: {fileID: 100100000}
  m_GameObject: {fileID: 112364}
  m_Enabled: 1
  m_CastShadows: 0
  m_ReceiveShadows: 0
  m_Materials:
  - {fileID: 10754, guid: 0000000000000000e000000000000000, type: 0}
  m_SubsetIndices: 
  m_StaticBatchRoot: {fileID: 0}
  m_UseLightProbes: 0
  m_ReflectionProbeUsage: 0
  m_ProbeAnchor: {fileID: 0}
  m_ScaleInLightmap: 1
  m_PreserveUVs: 0
  m_IgnoreNormalsForChartDetection: 0
  m_ImportantGI: 0
  m_MinimumChartSize: 4
  m_AutoUVMaxDistance: 0.5
  m_AutoUVMaxAngle: 89
  m_LightmapParameters: {fileID: 0}
  m_SortingLayerID: 0
  m_SortingOrder: 1
  m_Sprite: {fileID: 21300000, guid: 82d1d52689bda42d8a23063601ac8257, type: 3}
  m_Color: {r: 1, g: 1, b: 1, a: 1}
  m_FlipX: 0
  m_FlipY: 0
--- !u!1001 &100100000
Prefab:
  m_ObjectHideFlags: 1
  serializedVersion: 2
  m_Modification:
    m_TransformParent: {fileID: 0}
    m_Modifications: []
    m_RemovedComponents: []
  m_ParentPrefab: {fileID: 0}
  m_RootGameObject: {fileID: 112364}
  m_IsPrefabParent: 1
