%YAML 1.1
%TAG !u! tag:unity3d.com,2011:
--- !u!1 &160156
GameObject:
  m_ObjectHideFlags: 0
  m_PrefabParentObject: {fileID: 0}
  m_PrefabInternal: {fileID: 100100000}
  serializedVersion: 4
  m_Component:
  - 4: {fileID: 469676}
  - 114: {fileID: 11412278}
  - 212: {fileID: 21278094}
  - 60: {fileID: 6020174}
  m_Layer: 0
  m_Name: obj_01_27_garfo
  m_TagString: Untagged
  m_Icon: {fileID: 0}
  m_NavMeshLayer: 0
  m_StaticEditorFlags: 0
  m_IsActive: 1
--- !u!4 &469676
Transform:
  m_ObjectHideFlags: 1
  m_PrefabParentObject: {fileID: 0}
  m_PrefabInternal: {fileID: 100100000}
  m_GameObject: {fileID: 160156}
  m_LocalRotation: {x: 0, y: 0, z: 0, w: 1}
  m_LocalPosition: {x: 0, y: 0, z: 0}
  m_LocalScale: {x: 1, y: 1, z: 1}
  m_LocalEulerAnglesHint: {x: 0, y: 0, z: 0}
  m_Children: []
  m_Father: {fileID: 0}
  m_RootOrder: 0
--- !u!60 &6020174
PolygonCollider2D:
  m_ObjectHideFlags: 1
  m_PrefabParentObject: {fileID: 0}
  m_PrefabInternal: {fileID: 100100000}
  m_GameObject: {fileID: 160156}
  m_Enabled: 1
  m_Density: 1
  m_Material: {fileID: 0}
  m_IsTrigger: 0
  m_UsedByEffector: 0
  m_Offset: {x: 0, y: 0}
  m_Points:
    m_Paths:
    - - {x: 2.26, y: 0.08}
      - {x: 2.26, y: 0.29999998}
      - {x: 2.22, y: 0.35999998}
      - {x: 1.74, y: 0.35999998}
      - {x: 1.3199999, y: 0.34}
      - {x: 0.32, y: 0.24}
      - {x: -0.39999998, y: 0.14}
      - {x: -1.6999999, y: 0.14}
      - {x: -1.74, y: 0.099999994}
      - {x: -1.7199999, y: 0.04}
      - {x: -1.02, y: -0.02}
      - {x: -0.91999996, y: -0.02}
      - {x: -1.9, y: -0.02}
      - {x: -1.9399999, y: -0.06}
      - {x: -1.92, y: -0.12}
      - {x: -1.74, y: -0.16}
      - {x: -0.44, y: -0.16}
      - {x: -0.22, y: -0.099999994}
      - {x: 1.38, y: -0.08}
      - {x: 2.1599998, y: -0.099999994}
--- !u!114 &11412278
MonoBehaviour:
  m_ObjectHideFlags: 1
  m_PrefabParentObject: {fileID: 0}
  m_PrefabInternal: {fileID: 100100000}
  m_GameObject: {fileID: 160156}
  m_Enabled: 1
  m_EditorHideFlags: 0
  m_Script: {fileID: 11500000, guid: 3d1bc3722abc24872a59b60d729fae8c, type: 3}
  m_Name: 
  m_EditorClassIdentifier: 
  objectUI: {fileID: 0}
  gameSprite: {fileID: 21300000, guid: 2486f0d56a8e84c2290d0189e90d5a3b, type: 3}
  hudSprite: {fileID: 21300000, guid: 66feb6baae98c48e7b0ab0abd9dd7628, type: 3}
  shadowSprite: {fileID: 21300000, guid: ab837e48e9b754969aa1aa2c1d3e4230, type: 3}
--- !u!212 &21278094
SpriteRenderer:
  m_ObjectHideFlags: 1
  m_PrefabParentObject: {fileID: 0}
  m_PrefabInternal: {fileID: 100100000}
  m_GameObject: {fileID: 160156}
  m_Enabled: 1
  m_CastShadows: 0
  m_ReceiveShadows: 0
  m_Materials:
  - {fileID: 10754, guid: 0000000000000000e000000000000000, type: 0}
  m_SubsetIndices: 
  m_StaticBatchRoot: {fileID: 0}
  m_UseLightProbes: 0
  m_ReflectionProbeUsage: 0
  m_ProbeAnchor: {fileID: 0}
  m_ScaleInLightmap: 1
  m_PreserveUVs: 0
  m_IgnoreNormalsForChartDetection: 0
  m_ImportantGI: 0
  m_MinimumChartSize: 4
  m_AutoUVMaxDistance: 0.5
  m_AutoUVMaxAngle: 89
  m_LightmapParameters: {fileID: 0}
  m_SortingLayerID: 0
  m_SortingOrder: 1
  m_Sprite: {fileID: 21300000, guid: 2486f0d56a8e84c2290d0189e90d5a3b, type: 3}
  m_Color: {r: 1, g: 1, b: 1, a: 1}
  m_FlipX: 0
  m_FlipY: 0
--- !u!1001 &100100000
Prefab:
  m_ObjectHideFlags: 1
  serializedVersion: 2
  m_Modification:
    m_TransformParent: {fileID: 0}
    m_Modifications: []
    m_RemovedComponents: []
  m_ParentPrefab: {fileID: 0}
  m_RootGameObject: {fileID: 160156}
  m_IsPrefabParent: 1
