%YAML 1.1
%TAG !u! tag:unity3d.com,2011:
--- !u!1 &176622
GameObject:
  m_ObjectHideFlags: 0
  m_PrefabParentObject: {fileID: 0}
  m_PrefabInternal: {fileID: 100100000}
  serializedVersion: 4
  m_Component:
  - 4: {fileID: 482224}
  - 114: {fileID: 11470750}
  - 212: {fileID: 21250210}
  - 60: {fileID: 6091902}
  m_Layer: 0
  m_Name: obj_07_15_graveto
  m_TagString: Untagged
  m_Icon: {fileID: 0}
  m_NavMeshLayer: 0
  m_StaticEditorFlags: 0
  m_IsActive: 1
--- !u!4 &482224
Transform:
  m_ObjectHideFlags: 1
  m_PrefabParentObject: {fileID: 0}
  m_PrefabInternal: {fileID: 100100000}
  m_GameObject: {fileID: 176622}
  m_LocalRotation: {x: 0, y: 0, z: 0, w: 1}
  m_LocalPosition: {x: 0, y: 0, z: 0}
  m_LocalScale: {x: 1, y: 1, z: 1}
  m_LocalEulerAnglesHint: {x: 0, y: 0, z: 0}
  m_Children: []
  m_Father: {fileID: 0}
  m_RootOrder: 0
--- !u!60 &6091902
PolygonCollider2D:
  m_ObjectHideFlags: 1
  m_PrefabParentObject: {fileID: 0}
  m_PrefabInternal: {fileID: 100100000}
  m_GameObject: {fileID: 176622}
  m_Enabled: 1
  m_Density: 1
  m_Material: {fileID: 0}
  m_IsTrigger: 0
  m_UsedByEffector: 0
  m_Offset: {x: 0, y: 0}
  m_Points:
    m_Paths:
    - - {x: 0.34, y: -0.44}
      - {x: 0.7, y: -0.38}
      - {x: 1.14, y: -0.26}
      - {x: 1.3399999, y: -0.22}
      - {x: 1.4, y: -0.12}
      - {x: 1.4, y: -0.04}
      - {x: 1.28, y: 0.14}
      - {x: 1.06, y: 0.26}
      - {x: 0.78, y: 0.26}
      - {x: 0.56, y: 0.16}
      - {x: 0.22, y: 0.12}
      - {x: -0.08, y: 0.19999999}
      - {x: -0.12, y: 0.24}
      - {x: -0.42, y: 0.12}
      - {x: -1, y: 0.16}
      - {x: -1.1, y: 0.26}
      - {x: -1.18, y: 0.26}
      - {x: -1.24, y: 0.24}
      - {x: -1.22, y: 0.17999999}
      - {x: -1.4, y: 0}
      - {x: -1.4, y: -0.32}
      - {x: -1.38, y: -0.62}
      - {x: -1.1, y: -0.84}
      - {x: -0.96, y: -0.84}
      - {x: -0.62, y: -0.7}
      - {x: -0.35999998, y: -0.58}
      - {x: 0, y: -0.56}
--- !u!114 &11470750
MonoBehaviour:
  m_ObjectHideFlags: 1
  m_PrefabParentObject: {fileID: 0}
  m_PrefabInternal: {fileID: 100100000}
  m_GameObject: {fileID: 176622}
  m_Enabled: 1
  m_EditorHideFlags: 0
  m_Script: {fileID: 11500000, guid: 3d1bc3722abc24872a59b60d729fae8c, type: 3}
  m_Name: 
  m_EditorClassIdentifier: 
  objectUI: {fileID: 0}
  gameSprite: {fileID: 21300000, guid: 53ba74869d284455e8e3dab974f79aab, type: 3}
  hudSprite: {fileID: 21300000, guid: b2aa88b5bb61d40b09c3b11c622db4a0, type: 3}
  shadowSprite: {fileID: 21300000, guid: ee67edeed52f649ec85694cdcf4fafcb, type: 3}
--- !u!212 &21250210
SpriteRenderer:
  m_ObjectHideFlags: 1
  m_PrefabParentObject: {fileID: 0}
  m_PrefabInternal: {fileID: 100100000}
  m_GameObject: {fileID: 176622}
  m_Enabled: 1
  m_CastShadows: 0
  m_ReceiveShadows: 0
  m_Materials:
  - {fileID: 10754, guid: 0000000000000000e000000000000000, type: 0}
  m_SubsetIndices: 
  m_StaticBatchRoot: {fileID: 0}
  m_UseLightProbes: 0
  m_ReflectionProbeUsage: 0
  m_ProbeAnchor: {fileID: 0}
  m_ScaleInLightmap: 1
  m_PreserveUVs: 0
  m_IgnoreNormalsForChartDetection: 0
  m_ImportantGI: 0
  m_MinimumChartSize: 4
  m_AutoUVMaxDistance: 0.5
  m_AutoUVMaxAngle: 89
  m_LightmapParameters: {fileID: 0}
  m_SortingLayerID: 0
  m_SortingOrder: 1
  m_Sprite: {fileID: 21300000, guid: 53ba74869d284455e8e3dab974f79aab, type: 3}
  m_Color: {r: 1, g: 1, b: 1, a: 1}
  m_FlipX: 0
  m_FlipY: 0
--- !u!1001 &100100000
Prefab:
  m_ObjectHideFlags: 1
  serializedVersion: 2
  m_Modification:
    m_TransformParent: {fileID: 0}
    m_Modifications: []
    m_RemovedComponents: []
  m_ParentPrefab: {fileID: 0}
  m_RootGameObject: {fileID: 176622}
  m_IsPrefabParent: 1
