%YAML 1.1
%TAG !u! tag:unity3d.com,2011:
--- !u!1001 &100100000
Prefab:
  m_ObjectHideFlags: 1
  serializedVersion: 2
  m_Modification:
    m_TransformParent: {fileID: 0}
    m_Modifications: []
    m_RemovedComponents: []
  m_ParentPrefab: {fileID: 0}
  m_RootGameObject: {fileID: 1000012793228224}
  m_IsPrefabParent: 1
--- !u!1 &1000012793228224
GameObject:
  m_ObjectHideFlags: 0
  m_PrefabParentObject: {fileID: 0}
  m_PrefabInternal: {fileID: 100100000}
  serializedVersion: 4
  m_Component:
  - 4: {fileID: 4000012344890314}
  - 114: {fileID: 114000010701934056}
  - 212: {fileID: 212000011122636626}
  - 60: {fileID: 60000010787286718}
  m_Layer: 0
  m_Name: obj_11_30_pote
  m_TagString: Untagged
  m_Icon: {fileID: 0}
  m_NavMeshLayer: 0
  m_StaticEditorFlags: 0
  m_IsActive: 1
--- !u!4 &4000012344890314
Transform:
  m_ObjectHideFlags: 1
  m_PrefabParentObject: {fileID: 0}
  m_PrefabInternal: {fileID: 100100000}
  m_GameObject: {fileID: 1000012793228224}
  m_LocalRotation: {x: 0, y: 0, z: 0, w: 1}
  m_LocalPosition: {x: 0, y: 0, z: 0}
  m_LocalScale: {x: 1, y: 1, z: 1}
  m_LocalEulerAnglesHint: {x: 0, y: 0, z: 0}
  m_Children: []
  m_Father: {fileID: 0}
  m_RootOrder: 0
--- !u!60 &60000010787286718
PolygonCollider2D:
  m_ObjectHideFlags: 1
  m_PrefabParentObject: {fileID: 0}
  m_PrefabInternal: {fileID: 100100000}
  m_GameObject: {fileID: 1000012793228224}
  m_Enabled: 1
  m_Density: 1
  m_Material: {fileID: 0}
  m_IsTrigger: 0
  m_UsedByEffector: 0
  m_Offset: {x: 0, y: 0}
  m_Points:
    m_Paths:
    - - {x: 0.8381641, y: -0.6042578}
      - {x: 0.81867194, y: 0.44832033}
      - {x: 0.81867194, y: 1.0915625}
      - {x: 0.6627344, y: 1.2280079}
      - {x: 0.25339845, y: 1.2864845}
      - {x: 0.31187502, y: 1.7153126}
      - {x: 0.23390627, y: 1.8712502}
      - {x: -0.19492188, y: 1.8712502}
      - {x: -0.37035158, y: 1.6763282}
      - {x: -0.3313672, y: 1.2864845}
      - {x: -0.74070317, y: 1.1890235}
      - {x: -0.91613287, y: 1.0720704}
      - {x: -0.91613287, y: 0.62375003}
      - {x: -0.8576563, y: 0.6042578}
      - {x: -0.8771485, y: -1.3059766}
      - {x: -0.79917973, y: -1.4034376}
      - {x: -0.6042578, y: -1.4619142}
      - {x: -0.19492188, y: -1.4814063}
      - {x: 0.37035158, y: -1.4814063}
      - {x: 0.74070317, y: -1.4424219}
      - {x: 0.8381641, y: -1.3839453}
--- !u!114 &114000010701934056
MonoBehaviour:
  m_ObjectHideFlags: 1
  m_PrefabParentObject: {fileID: 0}
  m_PrefabInternal: {fileID: 100100000}
  m_GameObject: {fileID: 1000012793228224}
  m_Enabled: 1
  m_EditorHideFlags: 0
  m_Script: {fileID: 11500000, guid: 3d1bc3722abc24872a59b60d729fae8c, type: 3}
  m_Name: 
  m_EditorClassIdentifier: 
  objectUI: {fileID: 0}
  gameSprite: {fileID: 21300000, guid: 61fa29c9c5e7c4013ae774bcccb6cba4, type: 3}
  hudSprite: {fileID: 21300000, guid: 3c217d8c691a94af2afcee78d027f4ce, type: 3}
  shadowSprite: {fileID: 21300000, guid: 166fa6ff5ae6149e7ba67e2d229123b9, type: 3}
--- !u!212 &212000011122636626
SpriteRenderer:
  m_ObjectHideFlags: 1
  m_PrefabParentObject: {fileID: 0}
  m_PrefabInternal: {fileID: 100100000}
  m_GameObject: {fileID: 1000012793228224}
  m_Enabled: 1
  m_CastShadows: 0
  m_ReceiveShadows: 0
  m_MotionVectors: 1
  m_LightProbeUsage: 0
  m_ReflectionProbeUsage: 0
  m_Materials:
  - {fileID: 10754, guid: 0000000000000000f000000000000000, type: 0}
  m_SubsetIndices: 
  m_StaticBatchRoot: {fileID: 0}
  m_ProbeAnchor: {fileID: 0}
  m_LightProbeVolumeOverride: {fileID: 0}
  m_ScaleInLightmap: 1
  m_PreserveUVs: 0
  m_IgnoreNormalsForChartDetection: 0
  m_ImportantGI: 0
  m_SelectedWireframeHidden: 1
  m_MinimumChartSize: 4
  m_AutoUVMaxDistance: 0.5
  m_AutoUVMaxAngle: 89
  m_LightmapParameters: {fileID: 0}
  m_SortingLayerID: 0
  m_SortingOrder: 1
  m_Sprite: {fileID: 21300000, guid: 61fa29c9c5e7c4013ae774bcccb6cba4, type: 3}
  m_Color: {r: 1, g: 1, b: 1, a: 1}
  m_FlipX: 0
  m_FlipY: 0
