%YAML 1.1
%TAG !u! tag:unity3d.com,2011:
--- !u!1 &155308
GameObject:
  m_ObjectHideFlags: 0
  m_PrefabParentObject: {fileID: 0}
  m_PrefabInternal: {fileID: 100100000}
  serializedVersion: 4
  m_Component:
  - 4: {fileID: 477704}
  - 114: {fileID: 11485232}
  - 212: {fileID: 21261758}
  - 60: {fileID: 6060190}
  m_Layer: 0
  m_Name: obj_02_34_escova
  m_TagString: Untagged
  m_Icon: {fileID: 0}
  m_NavMeshLayer: 0
  m_StaticEditorFlags: 0
  m_IsActive: 1
--- !u!4 &477704
Transform:
  m_ObjectHideFlags: 1
  m_PrefabParentObject: {fileID: 0}
  m_PrefabInternal: {fileID: 100100000}
  m_GameObject: {fileID: 155308}
  m_LocalRotation: {x: 0, y: 0, z: 0, w: 1}
  m_LocalPosition: {x: 0, y: 0, z: 0}
  m_LocalScale: {x: 1, y: 1, z: 1}
  m_LocalEulerAnglesHint: {x: 0, y: 0, z: 0}
  m_Children: []
  m_Father: {fileID: 0}
  m_RootOrder: 0
--- !u!60 &6060190
PolygonCollider2D:
  m_ObjectHideFlags: 1
  m_PrefabParentObject: {fileID: 0}
  m_PrefabInternal: {fileID: 100100000}
  m_GameObject: {fileID: 155308}
  m_Enabled: 1
  m_Density: 1
  m_Material: {fileID: 0}
  m_IsTrigger: 0
  m_UsedByEffector: 0
  m_Offset: {x: 0, y: 0}
  m_Points:
    m_Paths:
    - - {x: 0.7294141, y: -0.5342188}
      - {x: 0.5444922, y: -0.33902344}
      - {x: 0.44175783, y: -0.22601563}
      - {x: 0.27738282, y: -0.07191406}
      - {x: 0.20546876, y: 0.1335547}
      - {x: 0.27738282, y: 0.23628907}
      - {x: 0.2979297, y: 0.3801172}
      - {x: 0.35957032, y: 0.4623047}
      - {x: 0.39039063, y: 0.61640626}
      - {x: 0.35957032, y: 0.71914065}
      - {x: 0.27738282, y: 0.91433597}
      - {x: 0.11300781, y: 1.0889844}
      - {x: -0.05136719, y: 1.1608984}
      - {x: -0.44175783, y: 1.1608984}
      - {x: -0.6677735, y: 0.95542973}
      - {x: -0.71914065, y: 0.8013282}
      - {x: -0.71914065, y: 0.5342188}
      - {x: -0.6575, y: 0.36984378}
      - {x: -0.5650391, y: 0.19519532}
      - {x: -0.44175783, y: 0.0821875}
      - {x: -0.24656251, y: -0.020546876}
      - {x: -0.0821875, y: -0.07191406}
      - {x: 0.07191406, y: -0.2157422}
      - {x: 0.092460945, y: -0.33902344}
      - {x: 0.15410157, y: -0.4314844}
      - {x: 0.22601563, y: -0.6985938}
      - {x: 0.2671094, y: -0.7705079}
      - {x: 0.41093752, y: -0.91433597}
      - {x: 0.5444922, y: -0.9759766}
      - {x: 0.6266797, y: -0.9759766}
      - {x: 0.74996096, y: -0.88351566}
      - {x: 0.74996096, y: -0.6472266}
--- !u!114 &11485232
MonoBehaviour:
  m_ObjectHideFlags: 1
  m_PrefabParentObject: {fileID: 0}
  m_PrefabInternal: {fileID: 100100000}
  m_GameObject: {fileID: 155308}
  m_Enabled: 1
  m_EditorHideFlags: 0
  m_Script: {fileID: 11500000, guid: 3d1bc3722abc24872a59b60d729fae8c, type: 3}
  m_Name: 
  m_EditorClassIdentifier: 
  objectUI: {fileID: 0}
  gameSprite: {fileID: 21300000, guid: 110e3b749555e493ca6df95aaf45f6d8, type: 3}
  hudSprite: {fileID: 21300000, guid: 489659d3957fd46febd748a41428f265, type: 3}
  shadowSprite: {fileID: 21300000, guid: 75646adf54b954c26a56642f1cd6caa8, type: 3}
--- !u!212 &21261758
SpriteRenderer:
  m_ObjectHideFlags: 1
  m_PrefabParentObject: {fileID: 0}
  m_PrefabInternal: {fileID: 100100000}
  m_GameObject: {fileID: 155308}
  m_Enabled: 1
  m_CastShadows: 0
  m_ReceiveShadows: 0
  m_Materials:
  - {fileID: 10754, guid: 0000000000000000e000000000000000, type: 0}
  m_SubsetIndices: 
  m_StaticBatchRoot: {fileID: 0}
  m_UseLightProbes: 0
  m_ReflectionProbeUsage: 0
  m_ProbeAnchor: {fileID: 0}
  m_ScaleInLightmap: 1
  m_PreserveUVs: 0
  m_IgnoreNormalsForChartDetection: 0
  m_ImportantGI: 0
  m_MinimumChartSize: 4
  m_AutoUVMaxDistance: 0.5
  m_AutoUVMaxAngle: 89
  m_LightmapParameters: {fileID: 0}
  m_SortingLayerID: 0
  m_SortingOrder: 1
  m_Sprite: {fileID: 21300000, guid: 110e3b749555e493ca6df95aaf45f6d8, type: 3}
  m_Color: {r: 1, g: 1, b: 1, a: 1}
  m_FlipX: 0
  m_FlipY: 0
--- !u!1001 &100100000
Prefab:
  m_ObjectHideFlags: 1
  serializedVersion: 2
  m_Modification:
    m_TransformParent: {fileID: 0}
    m_Modifications: []
    m_RemovedComponents: []
  m_ParentPrefab: {fileID: 0}
  m_RootGameObject: {fileID: 155308}
  m_IsPrefabParent: 1
