%YAML 1.1
%TAG !u! tag:unity3d.com,2011:
--- !u!1001 &100100000
Prefab:
  m_ObjectHideFlags: 1
  serializedVersion: 2
  m_Modification:
    m_TransformParent: {fileID: 0}
    m_Modifications: []
    m_RemovedComponents: []
  m_ParentPrefab: {fileID: 0}
  m_RootGameObject: {fileID: 1645054487896120}
  m_IsPrefabParent: 1
--- !u!1 &1645054487896120
GameObject:
  m_ObjectHideFlags: 0
  m_PrefabParentObject: {fileID: 0}
  m_PrefabInternal: {fileID: 100100000}
  serializedVersion: 5
  m_Component:
  - component: {fileID: 4537606207773528}
  - component: {fileID: 114950650195177994}
  - component: {fileID: 212906431552190164}
  - component: {fileID: 60906992610705974}
  m_Layer: 0
  m_Name: obj_18_28_luminaria
  m_TagString: Untagged
  m_Icon: {fileID: 0}
  m_NavMeshLayer: 0
  m_StaticEditorFlags: 0
  m_IsActive: 1
--- !u!4 &4537606207773528
Transform:
  m_ObjectHideFlags: 1
  m_PrefabParentObject: {fileID: 0}
  m_PrefabInternal: {fileID: 100100000}
  m_GameObject: {fileID: 1645054487896120}
  m_LocalRotation: {x: 0, y: 0, z: 0, w: 1}
  m_LocalPosition: {x: 0, y: 0, z: 0}
  m_LocalScale: {x: 1, y: 1, z: 1}
  m_Children: []
  m_Father: {fileID: 0}
  m_RootOrder: 0
  m_LocalEulerAnglesHint: {x: 0, y: 0, z: 0}
--- !u!60 &60906992610705974
PolygonCollider2D:
  m_ObjectHideFlags: 1
  m_PrefabParentObject: {fileID: 0}
  m_PrefabInternal: {fileID: 100100000}
  m_GameObject: {fileID: 1645054487896120}
  m_Enabled: 1
  m_Density: 1
  m_Material: {fileID: 0}
  m_IsTrigger: 0
  m_UsedByEffector: 0
  m_Offset: {x: 0, y: 0}
  m_Points:
    m_Paths:
    - - {x: -1.52, y: -1.0799999}
      - {x: -1.74, y: -1.0799999}
      - {x: -1.5, y: -0.65999997}
      - {x: -0.94, y: 0.42}
      - {x: -0.58, y: 1.0799999}
      - {x: -0.17999999, y: 0.84}
      - {x: 0.5, y: 0.44}
      - {x: 0.45999998, y: 0.29999998}
      - {x: 0.26, y: 0.17999999}
      - {x: -0.08, y: -0.12}
      - {x: -0.19999999, y: -0.39999998}
      - {x: -0.19999999, y: -0.79999995}
      - {x: 0.17999999, y: -1.1999999}
      - {x: 0.42, y: -1.3}
      - {x: 0.56, y: -1.3199999}
      - {x: 1.02, y: -1.4}
      - {x: 1.4399999, y: -1.38}
      - {x: 1.8199999, y: -1.26}
      - {x: 2.26, y: -1}
      - {x: 2.48, y: -0.76}
      - {x: 2.56, y: -0.52}
      - {x: 2.56, y: -0.24}
      - {x: 2.54, y: -0.099999994}
      - {x: 2.3999999, y: 0.12}
      - {x: 2.3, y: 0.24}
      - {x: 1.9399999, y: 0.44}
      - {x: 1.24, y: 0.45999998}
      - {x: 1.14, y: 0.53999996}
      - {x: 0.64, y: 0.79999995}
      - {x: -0.53999996, y: 1.52}
      - {x: -0.68, y: 1.54}
      - {x: -0.76, y: 1.54}
      - {x: -0.82, y: 1.4399999}
      - {x: -1.06, y: 0.94}
      - {x: -2.1, y: -0.94}
      - {x: -2.4199998, y: -1.1}
      - {x: -2.56, y: -1.28}
      - {x: -2.56, y: -1.48}
      - {x: -2.48, y: -1.52}
      - {x: -2.24, y: -1.54}
      - {x: -1.38, y: -1.54}
      - {x: -1.28, y: -1.4599999}
      - {x: -1.3, y: -1.3199999}
      - {x: -1.3199999, y: -1.22}
--- !u!114 &114950650195177994
MonoBehaviour:
  m_ObjectHideFlags: 1
  m_PrefabParentObject: {fileID: 0}
  m_PrefabInternal: {fileID: 100100000}
  m_GameObject: {fileID: 1645054487896120}
  m_Enabled: 1
  m_EditorHideFlags: 0
  m_Script: {fileID: 11500000, guid: 3d1bc3722abc24872a59b60d729fae8c, type: 3}
  m_Name: 
  m_EditorClassIdentifier: 
  objectUI: {fileID: 0}
  gameSprite: {fileID: 21300000, guid: faac07c9b07274f1899718036447d27f, type: 3}
  hudSprite: {fileID: 21300000, guid: 20506942db6c844b8acb1c2748992e68, type: 3}
  shadowSprite: {fileID: 21300000, guid: e920abcfee1c242019ba2850d86f5c88, type: 3}
--- !u!212 &212906431552190164
SpriteRenderer:
  m_ObjectHideFlags: 1
  m_PrefabParentObject: {fileID: 0}
  m_PrefabInternal: {fileID: 100100000}
  m_GameObject: {fileID: 1645054487896120}
  m_Enabled: 1
  m_CastShadows: 0
  m_ReceiveShadows: 0
  m_MotionVectors: 1
  m_LightProbeUsage: 0
  m_ReflectionProbeUsage: 0
  m_Materials:
  - {fileID: 10754, guid: 0000000000000000f000000000000000, type: 0}
  m_StaticBatchInfo:
    firstSubMesh: 0
    subMeshCount: 0
  m_StaticBatchRoot: {fileID: 0}
  m_ProbeAnchor: {fileID: 0}
  m_LightProbeVolumeOverride: {fileID: 0}
  m_ScaleInLightmap: 1
  m_PreserveUVs: 0
  m_IgnoreNormalsForChartDetection: 0
  m_ImportantGI: 0
  m_SelectedEditorRenderState: 0
  m_MinimumChartSize: 4
  m_AutoUVMaxDistance: 0.5
  m_AutoUVMaxAngle: 89
  m_LightmapParameters: {fileID: 0}
  m_SortingLayerID: 0
  m_SortingOrder: 1
  m_Sprite: {fileID: 21300000, guid: faac07c9b07274f1899718036447d27f, type: 3}
  m_Color: {r: 1, g: 1, b: 1, a: 1}
  m_FlipX: 0
  m_FlipY: 0
