%YAML 1.1
%TAG !u! tag:unity3d.com,2011:
--- !u!1 &123298
GameObject:
  m_ObjectHideFlags: 0
  m_PrefabParentObject: {fileID: 0}
  m_PrefabInternal: {fileID: 100100000}
  serializedVersion: 4
  m_Component:
  - 4: {fileID: 485722}
  - 114: {fileID: 11426286}
  - 212: {fileID: 21257602}
  - 60: {fileID: 6081456}
  m_Layer: 0
  m_Name: obj_09_11_sombrinha
  m_TagString: Untagged
  m_Icon: {fileID: 0}
  m_NavMeshLayer: 0
  m_StaticEditorFlags: 0
  m_IsActive: 1
--- !u!4 &485722
Transform:
  m_ObjectHideFlags: 1
  m_PrefabParentObject: {fileID: 0}
  m_PrefabInternal: {fileID: 100100000}
  m_GameObject: {fileID: 123298}
  m_LocalRotation: {x: 0, y: 0, z: 0, w: 1}
  m_LocalPosition: {x: 0, y: 0, z: 0}
  m_LocalScale: {x: 1, y: 1, z: 1}
  m_LocalEulerAnglesHint: {x: 0, y: 0, z: 0}
  m_Children: []
  m_Father: {fileID: 0}
  m_RootOrder: 0
--- !u!60 &6081456
PolygonCollider2D:
  m_ObjectHideFlags: 1
  m_PrefabParentObject: {fileID: 0}
  m_PrefabInternal: {fileID: 100100000}
  m_GameObject: {fileID: 123298}
  m_Enabled: 1
  m_Density: 1
  m_Material: {fileID: 0}
  m_IsTrigger: 0
  m_UsedByEffector: 0
  m_Offset: {x: 0, y: 0}
  m_Points:
    m_Paths:
    - - {x: -0.09296875, y: 0.20453124}
      - {x: 0.14874999, y: 0.055781245}
      - {x: 0.5392187, y: -0.20453124}
      - {x: 0.7623437, y: -0.1859375}
      - {x: 1.0970312, y: -0.29749998}
      - {x: 1.5618749, y: -0.57640624}
      - {x: 1.6362499, y: -0.40906247}
      - {x: 1.8965625, y: -0.5392187}
      - {x: 1.9709374, y: -0.520625}
      - {x: 1.9709374, y: -0.42765623}
      - {x: 1.7478124, y: 0.16734374}
      - {x: 1.4503124, y: 0.70656246}
      - {x: 1.264375, y: 0.8924999}
      - {x: 0.66937494, y: 1.3573437}
      - {x: 0.46484372, y: 1.3945311}
      - {x: 0.55781245, y: 1.5804687}
      - {x: 0.57640624, y: 1.6920311}
      - {x: 0.5392187, y: 1.7292186}
      - {x: 0.48343748, y: 1.7106249}
      - {x: 0.35328123, y: 1.4503124}
      - {x: -0.09296875, y: 1.6548437}
      - {x: -0.96687496, y: 1.6920311}
      - {x: -1.5060936, y: 1.5804687}
      - {x: -2.0639062, y: 1.3759375}
      - {x: -2.1010935, y: 1.3015624}
      - {x: -2.0825, y: 1.2271874}
      - {x: -1.6548437, y: 1.0598437}
      - {x: -1.6548437, y: 0.8739062}
      - {x: -1.2457812, y: 0.78093743}
      - {x: -0.6507812, y: 0.39046872}
      - {x: -0.59499997, y: 0.29749998}
      - {x: -0.22312498, y: 0.24171874}
      - {x: -0.33468747, y: 0.018593749}
      - {x: -0.66937494, y: -0.7251562}
      - {x: -0.7995312, y: -0.8924999}
      - {x: -0.96687496, y: -1.3015624}
      - {x: -1.1156249, y: -1.3573437}
      - {x: -1.0226562, y: -1.0598437}
      - {x: -1.2271874, y: -0.9854687}
      - {x: -1.3387499, y: -1.1528125}
      - {x: -1.3945311, y: -1.2271874}
      - {x: -1.3759375, y: -1.4131249}
      - {x: -1.1714061, y: -1.5804687}
      - {x: -1.0040624, y: -1.5804687}
      - {x: -0.8739062, y: -1.5246874}
      - {x: -0.520625, y: -0.85531247}
      - {x: -0.520625, y: -0.74375}
      - {x: -0.1859375, y: -0.055781245}
--- !u!114 &11426286
MonoBehaviour:
  m_ObjectHideFlags: 1
  m_PrefabParentObject: {fileID: 0}
  m_PrefabInternal: {fileID: 100100000}
  m_GameObject: {fileID: 123298}
  m_Enabled: 1
  m_EditorHideFlags: 0
  m_Script: {fileID: 11500000, guid: 3d1bc3722abc24872a59b60d729fae8c, type: 3}
  m_Name: 
  m_EditorClassIdentifier: 
  objectUI: {fileID: 0}
  gameSprite: {fileID: 21300000, guid: e5f3e0e9f45ec45df9700d32c292c0d8, type: 3}
  hudSprite: {fileID: 21300000, guid: 1359f84c4faff4d309663f38a3d7b227, type: 3}
  shadowSprite: {fileID: 21300000, guid: 98c7d9e22d48d4f80a409542ead60f0f, type: 3}
--- !u!212 &21257602
SpriteRenderer:
  m_ObjectHideFlags: 1
  m_PrefabParentObject: {fileID: 0}
  m_PrefabInternal: {fileID: 100100000}
  m_GameObject: {fileID: 123298}
  m_Enabled: 1
  m_CastShadows: 0
  m_ReceiveShadows: 0
  m_Materials:
  - {fileID: 10754, guid: 0000000000000000e000000000000000, type: 0}
  m_SubsetIndices: 
  m_StaticBatchRoot: {fileID: 0}
  m_UseLightProbes: 0
  m_ReflectionProbeUsage: 0
  m_ProbeAnchor: {fileID: 0}
  m_ScaleInLightmap: 1
  m_PreserveUVs: 0
  m_IgnoreNormalsForChartDetection: 0
  m_ImportantGI: 0
  m_MinimumChartSize: 4
  m_AutoUVMaxDistance: 0.5
  m_AutoUVMaxAngle: 89
  m_LightmapParameters: {fileID: 0}
  m_SortingLayerID: 0
  m_SortingOrder: 1
  m_Sprite: {fileID: 21300000, guid: e5f3e0e9f45ec45df9700d32c292c0d8, type: 3}
  m_Color: {r: 1, g: 1, b: 1, a: 1}
  m_FlipX: 0
  m_FlipY: 0
--- !u!1001 &100100000
Prefab:
  m_ObjectHideFlags: 1
  serializedVersion: 2
  m_Modification:
    m_TransformParent: {fileID: 0}
    m_Modifications: []
    m_RemovedComponents: []
  m_ParentPrefab: {fileID: 0}
  m_RootGameObject: {fileID: 123298}
  m_IsPrefabParent: 1
