%YAML 1.1
%TAG !u! tag:unity3d.com,2011:
--- !u!1001 &100100000
Prefab:
  m_ObjectHideFlags: 1
  serializedVersion: 2
  m_Modification:
    m_TransformParent: {fileID: 0}
    m_Modifications: []
    m_RemovedComponents: []
  m_ParentPrefab: {fileID: 0}
  m_RootGameObject: {fileID: 1198297956190514}
  m_IsPrefabParent: 1
--- !u!1 &1198297956190514
GameObject:
  m_ObjectHideFlags: 0
  m_PrefabParentObject: {fileID: 0}
  m_PrefabInternal: {fileID: 100100000}
  serializedVersion: 5
  m_Component:
  - component: {fileID: 4160629537329864}
  - component: {fileID: 114013004125688650}
  - component: {fileID: 212653652030665916}
  - component: {fileID: 60766782677103148}
  m_Layer: 0
  m_Name: obj_18_16_alavanca
  m_TagString: Untagged
  m_Icon: {fileID: 0}
  m_NavMeshLayer: 0
  m_StaticEditorFlags: 0
  m_IsActive: 1
--- !u!4 &4160629537329864
Transform:
  m_ObjectHideFlags: 1
  m_PrefabParentObject: {fileID: 0}
  m_PrefabInternal: {fileID: 100100000}
  m_GameObject: {fileID: 1198297956190514}
  m_LocalRotation: {x: 0, y: 0, z: 0, w: 1}
  m_LocalPosition: {x: 0, y: 0, z: 0}
  m_LocalScale: {x: 1, y: 1, z: 1}
  m_Children: []
  m_Father: {fileID: 0}
  m_RootOrder: 0
  m_LocalEulerAnglesHint: {x: 0, y: 0, z: 0}
--- !u!60 &60766782677103148
PolygonCollider2D:
  m_ObjectHideFlags: 1
  m_PrefabParentObject: {fileID: 0}
  m_PrefabInternal: {fileID: 100100000}
  m_GameObject: {fileID: 1198297956190514}
  m_Enabled: 1
  m_Density: 1
  m_Material: {fileID: 0}
  m_IsTrigger: 0
  m_UsedByEffector: 0
  m_Offset: {x: 0, y: 0}
  m_Points:
    m_Paths:
    - - {x: 1.4399999, y: -1.24}
      - {x: 1.3, y: -1.16}
      - {x: 0.14, y: -1.12}
      - {x: 0.16, y: -0.48}
      - {x: 0.32, y: 0.17999999}
      - {x: 0.38, y: 0.28}
      - {x: 0.17999999, y: 0.34}
      - {x: 0.16, y: 0.59999996}
      - {x: 0.32, y: 0.71999997}
      - {x: 0.26, y: 1.02}
      - {x: 0.22, y: 1.02}
      - {x: 0.28, y: 2.3799999}
      - {x: 0.17999999, y: 2.56}
      - {x: -0.04, y: 2.56}
      - {x: -0.14, y: 2.32}
      - {x: -0.12, y: 1.9399999}
      - {x: -0.099999994, y: 1.24}
      - {x: -0.16, y: 1.1}
      - {x: -0.22, y: 0.7}
      - {x: -0.06, y: 0.58}
      - {x: -0.22, y: 0.26}
      - {x: -0.19999999, y: 0.19999999}
      - {x: -0.08, y: -0.06}
      - {x: -0.19999999, y: -1.0799999}
      - {x: -0.59999996, y: -1.0799999}
      - {x: -1.38, y: -1.38}
      - {x: -2.36, y: -2.1}
      - {x: -2.36, y: -2.2}
      - {x: -2.34, y: -2.24}
      - {x: -2.02, y: -2.26}
      - {x: 1.04, y: -2.48}
      - {x: 1.8399999, y: -2.54}
      - {x: 2.02, y: -2.54}
      - {x: 2.36, y: -2.1399999}
      - {x: 2.36, y: -2.02}
      - {x: 2.34, y: -1.92}
--- !u!114 &114013004125688650
MonoBehaviour:
  m_ObjectHideFlags: 1
  m_PrefabParentObject: {fileID: 0}
  m_PrefabInternal: {fileID: 100100000}
  m_GameObject: {fileID: 1198297956190514}
  m_Enabled: 1
  m_EditorHideFlags: 0
  m_Script: {fileID: 11500000, guid: 3d1bc3722abc24872a59b60d729fae8c, type: 3}
  m_Name: 
  m_EditorClassIdentifier: 
  objectUI: {fileID: 0}
  gameSprite: {fileID: 21300000, guid: 444a12582361a44a6b3f03f5c3fbc9b9, type: 3}
  hudSprite: {fileID: 21300000, guid: 85de8d304ebc54119b446d5e875ec6bf, type: 3}
  shadowSprite: {fileID: 21300000, guid: ee0df91aeb0e74e3cb635154da2dc142, type: 3}
--- !u!212 &212653652030665916
SpriteRenderer:
  m_ObjectHideFlags: 1
  m_PrefabParentObject: {fileID: 0}
  m_PrefabInternal: {fileID: 100100000}
  m_GameObject: {fileID: 1198297956190514}
  m_Enabled: 1
  m_CastShadows: 0
  m_ReceiveShadows: 0
  m_MotionVectors: 1
  m_LightProbeUsage: 0
  m_ReflectionProbeUsage: 0
  m_Materials:
  - {fileID: 10754, guid: 0000000000000000f000000000000000, type: 0}
  m_StaticBatchInfo:
    firstSubMesh: 0
    subMeshCount: 0
  m_StaticBatchRoot: {fileID: 0}
  m_ProbeAnchor: {fileID: 0}
  m_LightProbeVolumeOverride: {fileID: 0}
  m_ScaleInLightmap: 1
  m_PreserveUVs: 0
  m_IgnoreNormalsForChartDetection: 0
  m_ImportantGI: 0
  m_SelectedEditorRenderState: 0
  m_MinimumChartSize: 4
  m_AutoUVMaxDistance: 0.5
  m_AutoUVMaxAngle: 89
  m_LightmapParameters: {fileID: 0}
  m_SortingLayerID: 0
  m_SortingOrder: 1
  m_Sprite: {fileID: 21300000, guid: 444a12582361a44a6b3f03f5c3fbc9b9, type: 3}
  m_Color: {r: 1, g: 1, b: 1, a: 1}
  m_FlipX: 0
  m_FlipY: 0
