%YAML 1.1
%TAG !u! tag:unity3d.com,2011:
--- !u!1001 &100100000
Prefab:
  m_ObjectHideFlags: 1
  serializedVersion: 2
  m_Modification:
    m_TransformParent: {fileID: 0}
    m_Modifications: []
    m_RemovedComponents: []
  m_ParentPrefab: {fileID: 0}
  m_RootGameObject: {fileID: 1645309367470944}
  m_IsPrefabParent: 1
--- !u!1 &1645309367470944
GameObject:
  m_ObjectHideFlags: 0
  m_PrefabParentObject: {fileID: 0}
  m_PrefabInternal: {fileID: 100100000}
  serializedVersion: 5
  m_Component:
  - component: {fileID: 4312991671913130}
  - component: {fileID: 114372136373309242}
  - component: {fileID: 212893717370316042}
  - component: {fileID: 60715257571166234}
  m_Layer: 0
  m_Name: obj_17_29_ioio
  m_TagString: Untagged
  m_Icon: {fileID: 0}
  m_NavMeshLayer: 0
  m_StaticEditorFlags: 0
  m_IsActive: 1
--- !u!4 &4312991671913130
Transform:
  m_ObjectHideFlags: 1
  m_PrefabParentObject: {fileID: 0}
  m_PrefabInternal: {fileID: 100100000}
  m_GameObject: {fileID: 1645309367470944}
  m_LocalRotation: {x: 0, y: 0, z: 0, w: 1}
  m_LocalPosition: {x: 0, y: 0, z: 0}
  m_LocalScale: {x: 1, y: 1, z: 1}
  m_Children: []
  m_Father: {fileID: 0}
  m_RootOrder: 0
  m_LocalEulerAnglesHint: {x: 0, y: 0, z: 0}
--- !u!60 &60715257571166234
PolygonCollider2D:
  m_ObjectHideFlags: 1
  m_PrefabParentObject: {fileID: 0}
  m_PrefabInternal: {fileID: 100100000}
  m_GameObject: {fileID: 1645309367470944}
  m_Enabled: 1
  m_Density: 1
  m_Material: {fileID: 0}
  m_IsTrigger: 0
  m_UsedByEffector: 0
  m_Offset: {x: 0, y: 0}
  m_Points:
    m_Paths:
    - - {x: 0.9, y: -0.53999996}
      - {x: 0.42, y: -0.38}
      - {x: -0.44, y: -0.38}
      - {x: 0.58, y: -0.24}
      - {x: 0.85999995, y: -0.44}
      - {x: 1.48, y: -0.35999998}
      - {x: 1.78, y: -0.04}
      - {x: 1.8, y: 0.12}
      - {x: 1.8, y: 0.52}
      - {x: 1.64, y: 0.84}
      - {x: 1.54, y: 0.96}
      - {x: 1.38, y: 1.06}
      - {x: 1.24, y: 1.12}
      - {x: 0.84, y: 1.12}
      - {x: 0.62, y: 0.97999996}
      - {x: 0.44, y: 0.78}
      - {x: 0.38, y: 0.7}
      - {x: 0.34, y: 0.26}
      - {x: 0.29999998, y: -0.099999994}
      - {x: -0.28, y: -0.16}
      - {x: -0.68, y: -0.26}
      - {x: -0.82, y: -0.35999998}
      - {x: -0.9, y: -0.45999998}
      - {x: -0.96, y: -0.24}
      - {x: -1.02, y: -0.17999999}
      - {x: -1.24, y: -0.16}
      - {x: -1.56, y: -0.32}
      - {x: -1.5799999, y: -0.48}
      - {x: -1.3199999, y: -0.64}
      - {x: -0.58, y: -0.58}
      - {x: 0.39999998, y: -0.59999996}
      - {x: 0.34, y: -0.62}
      - {x: -1.14, y: -0.64}
      - {x: -1.52, y: -0.7}
      - {x: -1.62, y: -0.76}
      - {x: -1.7199999, y: -0.88}
      - {x: -1.7199999, y: -1.1}
      - {x: -1.48, y: -1.22}
      - {x: -1.22, y: -1.24}
      - {x: 0.35999998, y: -1.24}
      - {x: 0.71999997, y: -1.14}
      - {x: 0.97999996, y: -0.94}
      - {x: 1.02, y: -0.65999997}
    - - {x: -1.5799999, y: -1}
      - {x: -1.48, y: -0.85999995}
      - {x: -1.0799999, y: -0.79999995}
      - {x: 0.35999998, y: -0.78}
      - {x: 0.53999996, y: -0.71999997}
      - {x: 0.85999995, y: -0.71999997}
      - {x: 0.78, y: -0.9}
      - {x: 0.44, y: -1.02}
      - {x: -0.35999998, y: -1.1}
--- !u!114 &114372136373309242
MonoBehaviour:
  m_ObjectHideFlags: 1
  m_PrefabParentObject: {fileID: 0}
  m_PrefabInternal: {fileID: 100100000}
  m_GameObject: {fileID: 1645309367470944}
  m_Enabled: 1
  m_EditorHideFlags: 0
  m_Script: {fileID: 11500000, guid: 3d1bc3722abc24872a59b60d729fae8c, type: 3}
  m_Name: 
  m_EditorClassIdentifier: 
  objectUI: {fileID: 0}
  gameSprite: {fileID: 21300000, guid: 4585919f142e549a7b07326ac76c4322, type: 3}
  hudSprite: {fileID: 21300000, guid: 15c1302f70e614bda8596ccb7d0f5e5c, type: 3}
  shadowSprite: {fileID: 21300000, guid: 58bfdb5283e424599b5c6ef4f2f434c7, type: 3}
--- !u!212 &212893717370316042
SpriteRenderer:
  m_ObjectHideFlags: 1
  m_PrefabParentObject: {fileID: 0}
  m_PrefabInternal: {fileID: 100100000}
  m_GameObject: {fileID: 1645309367470944}
  m_Enabled: 1
  m_CastShadows: 0
  m_ReceiveShadows: 0
  m_MotionVectors: 1
  m_LightProbeUsage: 0
  m_ReflectionProbeUsage: 0
  m_Materials:
  - {fileID: 10754, guid: 0000000000000000f000000000000000, type: 0}
  m_StaticBatchInfo:
    firstSubMesh: 0
    subMeshCount: 0
  m_StaticBatchRoot: {fileID: 0}
  m_ProbeAnchor: {fileID: 0}
  m_LightProbeVolumeOverride: {fileID: 0}
  m_ScaleInLightmap: 1
  m_PreserveUVs: 0
  m_IgnoreNormalsForChartDetection: 0
  m_ImportantGI: 0
  m_SelectedEditorRenderState: 0
  m_MinimumChartSize: 4
  m_AutoUVMaxDistance: 0.5
  m_AutoUVMaxAngle: 89
  m_LightmapParameters: {fileID: 0}
  m_SortingLayerID: 0
  m_SortingOrder: 1
  m_Sprite: {fileID: 21300000, guid: 4585919f142e549a7b07326ac76c4322, type: 3}
  m_Color: {r: 1, g: 1, b: 1, a: 1}
  m_FlipX: 0
  m_FlipY: 0
