%YAML 1.1
%TAG !u! tag:unity3d.com,2011:
--- !u!1 &146334
GameObject:
  m_ObjectHideFlags: 0
  m_PrefabParentObject: {fileID: 0}
  m_PrefabInternal: {fileID: 100100000}
  serializedVersion: 4
  m_Component:
  - 4: {fileID: 486346}
  - 114: {fileID: 11452118}
  - 212: {fileID: 21271564}
  - 60: {fileID: 6072166}
  m_Layer: 0
  m_Name: obj_08_20_garra
  m_TagString: Untagged
  m_Icon: {fileID: 0}
  m_NavMeshLayer: 0
  m_StaticEditorFlags: 0
  m_IsActive: 1
--- !u!4 &486346
Transform:
  m_ObjectHideFlags: 1
  m_PrefabParentObject: {fileID: 0}
  m_PrefabInternal: {fileID: 100100000}
  m_GameObject: {fileID: 146334}
  m_LocalRotation: {x: 0, y: 0, z: 0, w: 1}
  m_LocalPosition: {x: 0, y: 0, z: 0}
  m_LocalScale: {x: 1, y: 1, z: 1}
  m_LocalEulerAnglesHint: {x: 0, y: 0, z: 0}
  m_Children: []
  m_Father: {fileID: 0}
  m_RootOrder: 0
--- !u!60 &6072166
PolygonCollider2D:
  m_ObjectHideFlags: 1
  m_PrefabParentObject: {fileID: 0}
  m_PrefabInternal: {fileID: 100100000}
  m_GameObject: {fileID: 146334}
  m_Enabled: 1
  m_Density: 1
  m_Material: {fileID: 0}
  m_IsTrigger: 0
  m_UsedByEffector: 0
  m_Offset: {x: 0, y: 0}
  m_Points:
    m_Paths:
    - - {x: 0.12539062, y: -0.18808594}
      - {x: 0.32601562, y: -0.17554688}
      - {x: 0.72726566, y: -0.16300781}
      - {x: 0.8150391, y: -0.12539062}
      - {x: 0.87773436, y: -0.05015625}
      - {x: 0.91535157, y: 0.012539063}
      - {x: 0.92789066, y: 0.11285156}
      - {x: 0.92789066, y: 0.16300781}
      - {x: 0.86519533, y: 0.31347656}
      - {x: 0.7398047, y: 0.41378906}
      - {x: 0.6144141, y: 0.4764844}
      - {x: 0.5517188, y: 0.48902345}
      - {x: 0.43886718, y: 0.4764844}
      - {x: 0.11285156, y: 0.40125}
      - {x: -0.16300781, y: 0.3009375}
      - {x: -0.32601562, y: 0.22570312}
      - {x: -0.5391797, y: 0.075234376}
      - {x: -0.86519533, y: -0.28839844}
      - {x: -0.9905859, y: -0.4764844}
      - {x: -0.9905859, y: -0.601875}
      - {x: -0.91535157, y: -0.601875}
      - {x: -0.6394922, y: -0.40125}
      - {x: -0.6144141, y: -0.40125}
      - {x: -0.1379297, y: -0.2382422}
--- !u!114 &11452118
MonoBehaviour:
  m_ObjectHideFlags: 1
  m_PrefabParentObject: {fileID: 0}
  m_PrefabInternal: {fileID: 100100000}
  m_GameObject: {fileID: 146334}
  m_Enabled: 1
  m_EditorHideFlags: 0
  m_Script: {fileID: 11500000, guid: 3d1bc3722abc24872a59b60d729fae8c, type: 3}
  m_Name: 
  m_EditorClassIdentifier: 
  objectUI: {fileID: 0}
  gameSprite: {fileID: 21300000, guid: cbc0d26dfa93949c1a7e2583a5a35cb2, type: 3}
  hudSprite: {fileID: 21300000, guid: 0df57707cc5ec4629b49024e8840ebd2, type: 3}
  shadowSprite: {fileID: 21300000, guid: 51ea5a39a092e45ed81518d677c58c5e, type: 3}
--- !u!212 &21271564
SpriteRenderer:
  m_ObjectHideFlags: 1
  m_PrefabParentObject: {fileID: 0}
  m_PrefabInternal: {fileID: 100100000}
  m_GameObject: {fileID: 146334}
  m_Enabled: 1
  m_CastShadows: 0
  m_ReceiveShadows: 0
  m_Materials:
  - {fileID: 10754, guid: 0000000000000000e000000000000000, type: 0}
  m_SubsetIndices: 
  m_StaticBatchRoot: {fileID: 0}
  m_UseLightProbes: 0
  m_ReflectionProbeUsage: 0
  m_ProbeAnchor: {fileID: 0}
  m_ScaleInLightmap: 1
  m_PreserveUVs: 0
  m_IgnoreNormalsForChartDetection: 0
  m_ImportantGI: 0
  m_MinimumChartSize: 4
  m_AutoUVMaxDistance: 0.5
  m_AutoUVMaxAngle: 89
  m_LightmapParameters: {fileID: 0}
  m_SortingLayerID: 0
  m_SortingOrder: 1
  m_Sprite: {fileID: 21300000, guid: cbc0d26dfa93949c1a7e2583a5a35cb2, type: 3}
  m_Color: {r: 1, g: 1, b: 1, a: 1}
  m_FlipX: 0
  m_FlipY: 0
--- !u!1001 &100100000
Prefab:
  m_ObjectHideFlags: 1
  serializedVersion: 2
  m_Modification:
    m_TransformParent: {fileID: 0}
    m_Modifications: []
    m_RemovedComponents: []
  m_ParentPrefab: {fileID: 0}
  m_RootGameObject: {fileID: 146334}
  m_IsPrefabParent: 1
