%YAML 1.1
%TAG !u! tag:unity3d.com,2011:
--- !u!1001 &100100000
Prefab:
  m_ObjectHideFlags: 1
  serializedVersion: 2
  m_Modification:
    m_TransformParent: {fileID: 0}
    m_Modifications: []
    m_RemovedComponents: []
  m_ParentPrefab: {fileID: 0}
  m_RootGameObject: {fileID: 1859602786080204}
  m_IsPrefabParent: 1
--- !u!1 &1859602786080204
GameObject:
  m_ObjectHideFlags: 0
  m_PrefabParentObject: {fileID: 0}
  m_PrefabInternal: {fileID: 100100000}
  serializedVersion: 5
  m_Component:
  - component: {fileID: 4211433995013228}
  - component: {fileID: 114700457099573970}
  - component: {fileID: 212685104838583878}
  - component: {fileID: 60441217510056822}
  m_Layer: 0
  m_Name: "obj_19_09_chap\xC7u"
  m_TagString: Untagged
  m_Icon: {fileID: 0}
  m_NavMeshLayer: 0
  m_StaticEditorFlags: 0
  m_IsActive: 1
--- !u!4 &4211433995013228
Transform:
  m_ObjectHideFlags: 1
  m_PrefabParentObject: {fileID: 0}
  m_PrefabInternal: {fileID: 100100000}
  m_GameObject: {fileID: 1859602786080204}
  m_LocalRotation: {x: 0, y: 0, z: 0, w: 1}
  m_LocalPosition: {x: 0, y: 0, z: 0}
  m_LocalScale: {x: 1, y: 1, z: 1}
  m_Children: []
  m_Father: {fileID: 0}
  m_RootOrder: 0
  m_LocalEulerAnglesHint: {x: 0, y: 0, z: 0}
--- !u!60 &60441217510056822
PolygonCollider2D:
  m_ObjectHideFlags: 1
  m_PrefabParentObject: {fileID: 0}
  m_PrefabInternal: {fileID: 100100000}
  m_GameObject: {fileID: 1859602786080204}
  m_Enabled: 1
  m_Density: 1
  m_Material: {fileID: 0}
  m_IsTrigger: 0
  m_UsedByEffector: 0
  m_Offset: {x: 0, y: 0}
  m_Points:
    m_Paths:
    - - {x: 1.428125, y: -0.49984378}
      - {x: 1.0889454, y: 0.124960944}
      - {x: 0.80332035, y: 0.48199221}
      - {x: 0.5176953, y: 0.7676172}
      - {x: 0.30347657, y: 0.96398443}
      - {x: 0.089257814, y: 1.1246485}
      - {x: -0.21421877, y: 1.2496095}
      - {x: -0.96398443, y: 1.3745704}
      - {x: -1.2853125, y: 1.392422}
      - {x: -1.7137501, y: 1.4638282}
      - {x: -1.9279689, y: 1.4638282}
      - {x: -1.9636719, y: 1.428125}
      - {x: -1.9636719, y: 1.3745704}
      - {x: -1.8030078, y: 1.1960547}
      - {x: -1.3745704, y: 0.66050786}
      - {x: -1.1960547, y: 0.39273438}
      - {x: -1.1425, y: 0.16066407}
      - {x: -1.0353906, y: -0.07140625}
      - {x: -1.0710938, y: -0.23207033}
      - {x: -1.1246485, y: -0.35703126}
      - {x: -1.1425, y: -0.41058594}
      - {x: -1.1425, y: -0.60695314}
      - {x: -0.99968755, y: -0.74976563}
      - {x: -0.66050786, y: -0.696211}
      - {x: -0.37488282, y: -0.6783594}
      - {x: 0, y: -0.78546876}
      - {x: 0.39273438, y: -0.9282813}
      - {x: 0.85687506, y: -1.1067969}
      - {x: 1.3745704, y: -1.3210157}
      - {x: 1.5352345, y: -1.4638282}
      - {x: 1.6423438, y: -1.4638282}
      - {x: 1.6601954, y: -1.4459766}
      - {x: 1.6601954, y: -1.2853125}
      - {x: 1.5887891, y: -1.0175391}
--- !u!114 &114700457099573970
MonoBehaviour:
  m_ObjectHideFlags: 1
  m_PrefabParentObject: {fileID: 0}
  m_PrefabInternal: {fileID: 100100000}
  m_GameObject: {fileID: 1859602786080204}
  m_Enabled: 1
  m_EditorHideFlags: 0
  m_Script: {fileID: 11500000, guid: 3d1bc3722abc24872a59b60d729fae8c, type: 3}
  m_Name: 
  m_EditorClassIdentifier: 
  objectUI: {fileID: 0}
  gameSprite: {fileID: 21300000, guid: 844a2c522351743708960ca74b77e593, type: 3}
  hudSprite: {fileID: 21300000, guid: 481fbcea4aa7c4ae9adfdac4ef86441a, type: 3}
  shadowSprite: {fileID: 21300000, guid: b706e213eef034963afbde9f84d4390a, type: 3}
--- !u!212 &212685104838583878
SpriteRenderer:
  m_ObjectHideFlags: 1
  m_PrefabParentObject: {fileID: 0}
  m_PrefabInternal: {fileID: 100100000}
  m_GameObject: {fileID: 1859602786080204}
  m_Enabled: 1
  m_CastShadows: 0
  m_ReceiveShadows: 0
  m_MotionVectors: 1
  m_LightProbeUsage: 0
  m_ReflectionProbeUsage: 0
  m_Materials:
  - {fileID: 10754, guid: 0000000000000000f000000000000000, type: 0}
  m_StaticBatchInfo:
    firstSubMesh: 0
    subMeshCount: 0
  m_StaticBatchRoot: {fileID: 0}
  m_ProbeAnchor: {fileID: 0}
  m_LightProbeVolumeOverride: {fileID: 0}
  m_ScaleInLightmap: 1
  m_PreserveUVs: 0
  m_IgnoreNormalsForChartDetection: 0
  m_ImportantGI: 0
  m_SelectedEditorRenderState: 0
  m_MinimumChartSize: 4
  m_AutoUVMaxDistance: 0.5
  m_AutoUVMaxAngle: 89
  m_LightmapParameters: {fileID: 0}
  m_SortingLayerID: 0
  m_SortingOrder: 1
  m_Sprite: {fileID: 21300000, guid: 844a2c522351743708960ca74b77e593, type: 3}
  m_Color: {r: 1, g: 1, b: 1, a: 1}
  m_FlipX: 0
  m_FlipY: 0
