%YAML 1.1
%TAG !u! tag:unity3d.com,2011:
--- !u!1 &159234
GameObject:
  m_ObjectHideFlags: 0
  m_PrefabParentObject: {fileID: 0}
  m_PrefabInternal: {fileID: 100100000}
  serializedVersion: 4
  m_Component:
  - 4: {fileID: 406454}
  - 114: {fileID: 11414156}
  - 212: {fileID: 21273274}
  - 60: {fileID: 6016784}
  m_Layer: 0
  m_Name: obj_01_06_saco
  m_TagString: Untagged
  m_Icon: {fileID: 0}
  m_NavMeshLayer: 0
  m_StaticEditorFlags: 0
  m_IsActive: 1
--- !u!4 &406454
Transform:
  m_ObjectHideFlags: 1
  m_PrefabParentObject: {fileID: 0}
  m_PrefabInternal: {fileID: 100100000}
  m_GameObject: {fileID: 159234}
  m_LocalRotation: {x: 0, y: 0, z: 0, w: 1}
  m_LocalPosition: {x: 0, y: 0, z: 0}
  m_LocalScale: {x: 1, y: 1, z: 1}
  m_LocalEulerAnglesHint: {x: 0, y: 0, z: 0}
  m_Children: []
  m_Father: {fileID: 0}
  m_RootOrder: 0
--- !u!60 &6016784
PolygonCollider2D:
  m_ObjectHideFlags: 1
  m_PrefabParentObject: {fileID: 0}
  m_PrefabInternal: {fileID: 100100000}
  m_GameObject: {fileID: 159234}
  m_Enabled: 1
  m_Density: 1
  m_Material: {fileID: 0}
  m_IsTrigger: 0
  m_UsedByEffector: 0
  m_Offset: {x: 0, y: 0}
  m_Points:
    m_Paths:
    - - {x: 1.02, y: -2.04}
      - {x: 1.3, y: -1.8199999}
      - {x: 1.68, y: -1.52}
      - {x: 1.76, y: -1.3}
      - {x: 2.1399999, y: -1.22}
      - {x: 2.18, y: -1.16}
      - {x: 2.18, y: -1.02}
      - {x: 1.86, y: -0.59999996}
      - {x: 1.62, y: -0.26}
      - {x: 1.28, y: 0}
      - {x: 1.02, y: 0.14}
      - {x: 1.1, y: 0.5}
      - {x: 1.3399999, y: 0.38}
      - {x: 1.48, y: 0.32}
      - {x: 1.62, y: 0.52}
      - {x: 1.8199999, y: 0.84}
      - {x: 1.8399999, y: 1.16}
      - {x: 1.62, y: 1.4}
      - {x: 1.3199999, y: 1.62}
      - {x: 1, y: 1.8}
      - {x: 1.1, y: 1.9399999}
      - {x: 1.22, y: 2.44}
      - {x: 1.12, y: 2.48}
      - {x: 0.82, y: 2.48}
      - {x: 0.71999997, y: 2.32}
      - {x: 0.71999997, y: 1.9599999}
      - {x: 0.52, y: 1.7199999}
      - {x: -0.02, y: 1.62}
      - {x: -0.39999998, y: 1.56}
      - {x: -0.76, y: 1.52}
      - {x: -1.1, y: 1.36}
      - {x: -1.26, y: 1.26}
      - {x: -1.42, y: 1.12}
      - {x: -1.48, y: 0.88}
      - {x: -1.4399999, y: 0.82}
      - {x: -1.24, y: 0.85999995}
      - {x: -1.24, y: 0.48}
      - {x: -1.16, y: 0.44}
      - {x: -1.24, y: 0}
      - {x: -1.54, y: -0.48}
      - {x: -1.56, y: -0.7}
      - {x: -1.56, y: -1.28}
      - {x: -1.4399999, y: -1.64}
      - {x: -1.3199999, y: -1.8199999}
      - {x: -1.04, y: -2.04}
      - {x: -0.35999998, y: -2.28}
      - {x: 0.02, y: -2.32}
      - {x: 0.28, y: -2.32}
      - {x: 0.35999998, y: -2.24}
      - {x: 0.5, y: -2.1399999}
      - {x: 0.74, y: -2.1399999}
--- !u!114 &11414156
MonoBehaviour:
  m_ObjectHideFlags: 1
  m_PrefabParentObject: {fileID: 0}
  m_PrefabInternal: {fileID: 100100000}
  m_GameObject: {fileID: 159234}
  m_Enabled: 1
  m_EditorHideFlags: 0
  m_Script: {fileID: 11500000, guid: 3d1bc3722abc24872a59b60d729fae8c, type: 3}
  m_Name: 
  m_EditorClassIdentifier: 
  objectUI: {fileID: 0}
  gameSprite: {fileID: 21300000, guid: 6056df06603664f058e08e5bdfb343be, type: 3}
  hudSprite: {fileID: 21300000, guid: 7c166cdb3e5484a408255ea9a00b12ed, type: 3}
  shadowSprite: {fileID: 21300000, guid: d7e7661d8b443483e902ba59478b5215, type: 3}
--- !u!212 &21273274
SpriteRenderer:
  m_ObjectHideFlags: 1
  m_PrefabParentObject: {fileID: 0}
  m_PrefabInternal: {fileID: 100100000}
  m_GameObject: {fileID: 159234}
  m_Enabled: 1
  m_CastShadows: 0
  m_ReceiveShadows: 0
  m_Materials:
  - {fileID: 10754, guid: 0000000000000000e000000000000000, type: 0}
  m_SubsetIndices: 
  m_StaticBatchRoot: {fileID: 0}
  m_UseLightProbes: 0
  m_ReflectionProbeUsage: 0
  m_ProbeAnchor: {fileID: 0}
  m_ScaleInLightmap: 1
  m_PreserveUVs: 0
  m_IgnoreNormalsForChartDetection: 0
  m_ImportantGI: 0
  m_MinimumChartSize: 4
  m_AutoUVMaxDistance: 0.5
  m_AutoUVMaxAngle: 89
  m_LightmapParameters: {fileID: 0}
  m_SortingLayerID: 0
  m_SortingOrder: 1
  m_Sprite: {fileID: 21300000, guid: 6056df06603664f058e08e5bdfb343be, type: 3}
  m_Color: {r: 1, g: 1, b: 1, a: 1}
  m_FlipX: 0
  m_FlipY: 0
--- !u!1001 &100100000
Prefab:
  m_ObjectHideFlags: 1
  serializedVersion: 2
  m_Modification:
    m_TransformParent: {fileID: 0}
    m_Modifications: []
    m_RemovedComponents: []
  m_ParentPrefab: {fileID: 0}
  m_RootGameObject: {fileID: 159234}
  m_IsPrefabParent: 1
