%YAML 1.1
%TAG !u! tag:unity3d.com,2011:
--- !u!1 &162400
GameObject:
  m_ObjectHideFlags: 0
  m_PrefabParentObject: {fileID: 0}
  m_PrefabInternal: {fileID: 100100000}
  serializedVersion: 4
  m_Component:
  - 4: {fileID: 420502}
  - 114: {fileID: 11431632}
  - 212: {fileID: 21227236}
  - 60: {fileID: 6070392}
  m_Layer: 0
  m_Name: obj_06_46_puffin
  m_TagString: Untagged
  m_Icon: {fileID: 0}
  m_NavMeshLayer: 0
  m_StaticEditorFlags: 0
  m_IsActive: 1
--- !u!4 &420502
Transform:
  m_ObjectHideFlags: 1
  m_PrefabParentObject: {fileID: 0}
  m_PrefabInternal: {fileID: 100100000}
  m_GameObject: {fileID: 162400}
  m_LocalRotation: {x: 0, y: 0, z: 0, w: 1}
  m_LocalPosition: {x: 0, y: 0, z: 0}
  m_LocalScale: {x: 1, y: 1, z: 1}
  m_LocalEulerAnglesHint: {x: 0, y: 0, z: 0}
  m_Children: []
  m_Father: {fileID: 0}
  m_RootOrder: 0
--- !u!60 &6070392
PolygonCollider2D:
  m_ObjectHideFlags: 1
  m_PrefabParentObject: {fileID: 0}
  m_PrefabInternal: {fileID: 100100000}
  m_GameObject: {fileID: 162400}
  m_Enabled: 1
  m_Density: 1
  m_Material: {fileID: 0}
  m_IsTrigger: 0
  m_UsedByEffector: 0
  m_Offset: {x: 0, y: 0}
  m_Points:
    m_Paths:
    - - {x: 1.9271485, y: -0.7038281}
      - {x: 1.6757812, y: -0.50273436}
      - {x: 1.6255078, y: -0.38542968}
      - {x: 1.4746875, y: -0.20109375}
      - {x: 1.2400781, y: -0.11730468}
      - {x: 1.0222266, y: -0.100546874}
      - {x: 1.0725, y: 0.050273437}
      - {x: 1.1060156, y: 0.31839845}
      - {x: 1.0389844, y: 0.5865234}
      - {x: 0.9719531, y: 0.5865234}
      - {x: 0.9049219, y: 0.5530078}
      - {x: 0.7876172, y: 0.06703125}
      - {x: 0.72058594, y: 0.050273437}
      - {x: 0.48597655, y: 0.033515625}
      - {x: -0.62003905, y: 0.06703125}
      - {x: -0.7541016, y: 0}
      - {x: -0.77085936, y: -0.06703125}
      - {x: -0.6535547, y: -0.30164063}
      - {x: -0.43570313, y: -0.5530078}
      - {x: -0.6367969, y: -0.5530078}
      - {x: -1.0054687, y: -0.38542968}
      - {x: -1.2233202, y: -0.15082031}
      - {x: -1.2568359, y: 0.016757812}
      - {x: -1.5417187, y: 0}
      - {x: -1.5752344, y: -0.083789065}
      - {x: -1.5752344, y: -0.25136718}
      - {x: -1.3071094, y: -0.6367969}
      - {x: -1.1730468, y: -0.72058594}
      - {x: -0.5530078, y: -1.0054687}
      - {x: -0.35191405, y: -1.0222266}
      - {x: 0.11730468, y: -0.98871094}
      - {x: 0.33515626, y: -1.1730468}
      - {x: 0.45246094, y: -1.4076562}
      - {x: 0.6870703, y: -1.6255078}
      - {x: 1.1730468, y: -1.6255078}
      - {x: 1.5249609, y: -1.4914453}
      - {x: 1.7763281, y: -1.1730468}
      - {x: 1.9271485, y: -0.8211328}
--- !u!114 &11431632
MonoBehaviour:
  m_ObjectHideFlags: 1
  m_PrefabParentObject: {fileID: 0}
  m_PrefabInternal: {fileID: 100100000}
  m_GameObject: {fileID: 162400}
  m_Enabled: 1
  m_EditorHideFlags: 0
  m_Script: {fileID: 11500000, guid: 3d1bc3722abc24872a59b60d729fae8c, type: 3}
  m_Name: 
  m_EditorClassIdentifier: 
  objectUI: {fileID: 0}
  gameSprite: {fileID: 21300000, guid: 1f25d06ad47b0488bac82d3e93b29611, type: 3}
  hudSprite: {fileID: 21300000, guid: 1f363401808ad4f8b8df76c0db97a417, type: 3}
  shadowSprite: {fileID: 21300000, guid: 076342d739bab4b84ae64d8f9e002531, type: 3}
--- !u!212 &21227236
SpriteRenderer:
  m_ObjectHideFlags: 1
  m_PrefabParentObject: {fileID: 0}
  m_PrefabInternal: {fileID: 100100000}
  m_GameObject: {fileID: 162400}
  m_Enabled: 1
  m_CastShadows: 0
  m_ReceiveShadows: 0
  m_Materials:
  - {fileID: 10754, guid: 0000000000000000e000000000000000, type: 0}
  m_SubsetIndices: 
  m_StaticBatchRoot: {fileID: 0}
  m_UseLightProbes: 0
  m_ReflectionProbeUsage: 0
  m_ProbeAnchor: {fileID: 0}
  m_ScaleInLightmap: 1
  m_PreserveUVs: 0
  m_IgnoreNormalsForChartDetection: 0
  m_ImportantGI: 0
  m_MinimumChartSize: 4
  m_AutoUVMaxDistance: 0.5
  m_AutoUVMaxAngle: 89
  m_LightmapParameters: {fileID: 0}
  m_SortingLayerID: 0
  m_SortingOrder: 1
  m_Sprite: {fileID: 21300000, guid: 1f25d06ad47b0488bac82d3e93b29611, type: 3}
  m_Color: {r: 1, g: 1, b: 1, a: 1}
  m_FlipX: 0
  m_FlipY: 0
--- !u!1001 &100100000
Prefab:
  m_ObjectHideFlags: 1
  serializedVersion: 2
  m_Modification:
    m_TransformParent: {fileID: 0}
    m_Modifications: []
    m_RemovedComponents: []
  m_ParentPrefab: {fileID: 0}
  m_RootGameObject: {fileID: 162400}
  m_IsPrefabParent: 1
