%YAML 1.1
%TAG !u! tag:unity3d.com,2011:
--- !u!1001 &100100000
Prefab:
  m_ObjectHideFlags: 1
  serializedVersion: 2
  m_Modification:
    m_TransformParent: {fileID: 0}
    m_Modifications: []
    m_RemovedComponents: []
  m_ParentPrefab: {fileID: 0}
  m_RootGameObject: {fileID: 1474921201243760}
  m_IsPrefabParent: 1
--- !u!1 &1474921201243760
GameObject:
  m_ObjectHideFlags: 0
  m_PrefabParentObject: {fileID: 0}
  m_PrefabInternal: {fileID: 100100000}
  serializedVersion: 5
  m_Component:
  - component: {fileID: 4648126157316788}
  - component: {fileID: 114714969209237002}
  - component: {fileID: 212927805739189378}
  - component: {fileID: 60304458846904166}
  m_Layer: 0
  m_Name: obj_18_05_maquina5
  m_TagString: Untagged
  m_Icon: {fileID: 0}
  m_NavMeshLayer: 0
  m_StaticEditorFlags: 0
  m_IsActive: 1
--- !u!4 &4648126157316788
Transform:
  m_ObjectHideFlags: 1
  m_PrefabParentObject: {fileID: 0}
  m_PrefabInternal: {fileID: 100100000}
  m_GameObject: {fileID: 1474921201243760}
  m_LocalRotation: {x: 0, y: 0, z: 0, w: 1}
  m_LocalPosition: {x: 0, y: 0, z: 0}
  m_LocalScale: {x: 1, y: 1, z: 1}
  m_Children: []
  m_Father: {fileID: 0}
  m_RootOrder: 0
  m_LocalEulerAnglesHint: {x: 0, y: 0, z: 0}
--- !u!60 &60304458846904166
PolygonCollider2D:
  m_ObjectHideFlags: 1
  m_PrefabParentObject: {fileID: 0}
  m_PrefabInternal: {fileID: 100100000}
  m_GameObject: {fileID: 1474921201243760}
  m_Enabled: 1
  m_Density: 1
  m_Material: {fileID: 0}
  m_IsTrigger: 0
  m_UsedByEffector: 0
  m_Offset: {x: 0, y: 0}
  m_Points:
    m_Paths:
    - - {x: 1.7056642, y: -1.691797}
      - {x: 1.7195313, y: -1.6501954}
      - {x: 1.7472657, y: -1.178711}
      - {x: 1.761133, y: -0.31894532}
      - {x: 1.761133, y: 0.29121095}
      - {x: 1.6640626, y: 0.3882813}
      - {x: 1.3312501, y: 0.34667972}
      - {x: 1.3312501, y: 0.7488282}
      - {x: 1.4421875, y: 0.8458985}
      - {x: 1.4560548, y: 0.9707032}
      - {x: 1.4421875, y: 1.5115235}
      - {x: 1.2619141, y: 1.7333986}
      - {x: 1.2064453, y: 1.7333986}
      - {x: 1.0400391, y: 1.5947267}
      - {x: 1.0539063, y: 0.90136725}
      - {x: 1.1648438, y: 0.7626954}
      - {x: 1.178711, y: 0.33281252}
      - {x: 0.3605469, y: 0.7488282}
      - {x: 0.45761722, y: 0.85976565}
      - {x: 0.45761722, y: 1.5392579}
      - {x: 0.3744141, y: 1.6501954}
      - {x: 0.26347658, y: 1.7333986}
      - {x: 0.20800783, y: 1.7333986}
      - {x: 0.08320313, y: 1.5808594}
      - {x: 0.06933594, y: 0.9984375}
      - {x: 0.110937506, y: 0.90136725}
      - {x: 0.15253907, y: 0.8181641}
      - {x: 0.20800783, y: 0.33281252}
      - {x: -0.63789064, y: 0.33281252}
      - {x: -0.5962891, y: 0.734961}
      - {x: -0.4714844, y: 0.9291016}
      - {x: -0.49921876, y: 1.5808594}
      - {x: -0.67949224, y: 1.7333986}
      - {x: -0.7765626, y: 1.7333986}
      - {x: -0.9291016, y: 1.5115235}
      - {x: -0.88750005, y: 0.9984375}
      - {x: -0.87363285, y: 0.88750005}
      - {x: -0.7765626, y: 0.34667972}
      - {x: -1.1648438, y: 0.34667972}
      - {x: -1.2064453, y: 0.26347658}
      - {x: -1.4560548, y: -1.4283204}
      - {x: -1.7195313, y: -1.5392579}
      - {x: -1.7472657, y: -1.6224611}
      - {x: -1.7472657, y: -1.7195313}
      - {x: -1.7056642, y: -1.761133}
      - {x: -0.734961, y: -1.761133}
      - {x: -0.734961, y: -1.7333986}
      - {x: 0.52695316, y: -1.7472657}
      - {x: 1.6640626, y: -1.7195313}
--- !u!114 &114714969209237002
MonoBehaviour:
  m_ObjectHideFlags: 1
  m_PrefabParentObject: {fileID: 0}
  m_PrefabInternal: {fileID: 100100000}
  m_GameObject: {fileID: 1474921201243760}
  m_Enabled: 1
  m_EditorHideFlags: 0
  m_Script: {fileID: 11500000, guid: 3d1bc3722abc24872a59b60d729fae8c, type: 3}
  m_Name: 
  m_EditorClassIdentifier: 
  objectUI: {fileID: 0}
  gameSprite: {fileID: 21300000, guid: 7956d9395c1f2451b894c40fb5f1bbab, type: 3}
  hudSprite: {fileID: 21300000, guid: 8f138e2f533dd4abea4e8a66f07f63de, type: 3}
  shadowSprite: {fileID: 21300000, guid: 1e23f9545450847c7b5a1ea53f6e21b6, type: 3}
--- !u!212 &212927805739189378
SpriteRenderer:
  m_ObjectHideFlags: 1
  m_PrefabParentObject: {fileID: 0}
  m_PrefabInternal: {fileID: 100100000}
  m_GameObject: {fileID: 1474921201243760}
  m_Enabled: 1
  m_CastShadows: 0
  m_ReceiveShadows: 0
  m_MotionVectors: 1
  m_LightProbeUsage: 0
  m_ReflectionProbeUsage: 0
  m_Materials:
  - {fileID: 10754, guid: 0000000000000000f000000000000000, type: 0}
  m_StaticBatchInfo:
    firstSubMesh: 0
    subMeshCount: 0
  m_StaticBatchRoot: {fileID: 0}
  m_ProbeAnchor: {fileID: 0}
  m_LightProbeVolumeOverride: {fileID: 0}
  m_ScaleInLightmap: 1
  m_PreserveUVs: 0
  m_IgnoreNormalsForChartDetection: 0
  m_ImportantGI: 0
  m_SelectedEditorRenderState: 0
  m_MinimumChartSize: 4
  m_AutoUVMaxDistance: 0.5
  m_AutoUVMaxAngle: 89
  m_LightmapParameters: {fileID: 0}
  m_SortingLayerID: 0
  m_SortingOrder: 1
  m_Sprite: {fileID: 21300000, guid: 7956d9395c1f2451b894c40fb5f1bbab, type: 3}
  m_Color: {r: 1, g: 1, b: 1, a: 1}
  m_FlipX: 0
  m_FlipY: 0
